3084 4934
1215 440 1383 490 SA'rl
1397 441 1493 490 ΒΑ
1542 441 1644 488 v{.

323 590 504 649 nston,
525 580 723 636 ut'vult
755 582 1119 637 Csssubonus:
1157 583 1213 637 id
1241 590 1391 651 ηιμ

325 663 640 731 Chrysippe‚
671 665 716 715 si
736 670 889 730 potes
909 663 1267 730 praescribere,
1282 679 1393 732 qn

324 742 379 792 in
412 742 766 807 propositione
802 741 987 792 Soritis
1023 740 1392 807 quieseandum

323 818 392 868 sit
430 818 782 884 potissimum3
818 820 879 883 si,
907 818 1137 886 inquam,
1168 817 1219 868 id
1253 820 1393 870 inve-

322 895 485 961 neris,
500 900 557 946 et
574 894 731 945 finem
754 903 953 948 certum
974 896 1192 948 infinitae
1208 911 1398 961 propo·

325 971 568 1022 sitionum
592 972 850 1040 congeriei
871 972 1141 1036 statueris,
1165 979 1273 1022 tum
1298 988 1394 1037 ego

326 1062 458 1098 meae
491 1048 766 1113 cupiditati
786 1058 841 1102 et
860 1049 1096 1102 uvaritiae
1122 1049 1395 1099 terminum

218 1189 223 1193 .
326 1124 621 1187 inueniam3
653 1126 705 1176 id
728 1133 829 1208 est,
849 1141 1125 1193 nunquam.

390 1201 590 1265 Acer-ti]
619 1201 827 1256 Sorites
865 1202 1132 1268 intelligit,
1168 1216 1282 1268 quoe
1315 1215 1397 1252 ur·-

328 1279 654 1343 gumentatio
686 1285 771 1329 est
791 1293 1007 1330 acervus
1043 1292 1142 1329 ceu
1163 1278 1397 1329 cumulus

330 1356 760 1421 propositionum,
780 1371 897 1422 quae
928 1356 982 1405 iu
1004 1354 1258 1407 infinitum
1283 1370 1398 1421 pro·

331 1433 481 1497 gredi
513 1447 667 1499 posse
689 1432 961 1483 videntur:
996 1432 1136 1483 unde
1175 1445 1270 1497 per
1297 1432 1399 1482 iro-

331 1511 471 1559 niam
493 1509 629 1560 dixit
659 1510 870 1560 Persius
892 1509 1104 1576 finitor5
1135 1517 1194 1559 et
1231 1508 1400 1574 addit,

330 1587 408 1635 tm·
422 1603 443 1646 ,-
475 1585 598 1651 quis
618 1585 960 1636 dissolvendae
989 1585 1136 1636 istius
1158 1584 1403 1640 acci-valis

331 1662 794 1727 argumentstiouis
806 1662 1057 1713 rationem
1069 1661 1405 1727 investigavit

331 1740 673 1805 Chrysippus,
708 1745 765 1789 et
796 1738 862 1789 de
886 1752 952 1790 ea
972 1745 1197 1805 quatuor
1217 1738 1402 1789 Libros

331 1818 600 1882 scripsisse
619 1816 807 1867 fertur.
861 1817 1047 1867 Horat.
1068 1816 1237 1881 Epist.
1261 1830 1325 1867 11.
1350 1820 1399 1866 1.

332 1899 347 1922 ‘
377 1894 520 1945 Dum
557 1893 718 1946 cedat
753 1895 924 1944 elusus
960 1893 1164 1944 ratione
1204 1892 1400 1943 ruentis

335 1970 546 2023 acervi?
610 1971 918 2037 Exemplum
950 1970 1135 2021 Soritis
1158 1975 1240 2021 est
1261 1968 1400 2034 apud

337 2051 646 2109 Ciceronem
677 2052 886 2103 Tuscul.
914 2051 1123 2105 Quaest.
1151 2064 1205 2102 v.
1239 2062 1292 2098 n.
1320 2052 1403 2099 45.

2407 421 2540 490 18⁷

1456 584 1565 640 ..nbi
1586 586 1752 637 solum
1789 583 2061 636 honestum
2098 597 2215 636 esse
2248 582 2444 637 bonum
2462 584 2544 636 sie

1472 663 1727 729 probatur
1739 677 1835 727 per
1847 663 2075 730 quinque
2091 661 2282 727 gradus
2300 678 2316 713 z
2350 662 2367 692 ‘
2385 660 2545 717 Quic-

1475 741 1601 806 quid
1623 747 1707 791 est
1727 741 1868 806 quod
1891 739 2081 790 bonum
2107 738 2195 803 sit,
2216 738 2270 788 id
2295 744 2545 804 expeten-

1475 817 1599 867 dum
1638 823 1754 868 est:
1789 815 1929 882 quod
1968 822 2141 866 autem
2174 813 2547 881 expetendum,

1475 893 1530 944 id
1575 901 1721 945 certe
1763 893 2153 960 approbandum
2175 910 2189 944 ε
2240 892 2377 959 quod
2421 904 2546 944 vero

1475 972 1803 1036 approbaris,
1840 971 1894 1020 id
1932 977 2135 1035 gratum
2166 978 2546 1037 acceptumque

1474 1048 1771 1098 habendum
1792 1064 1807 1110 3
1863 1062 1987 1113 ergo
2031 1047 2189 1099 etiam
2232 1048 2454 1115 dignitas
2495 1048 2548 1100 ei

1477 1125 1753 1176 tribuenda
1774 1131 1885 1176 est:
1925 1125 2060 1192 quod
2084 1125 2128 1176 si
2158 1124 2234 1176 ita
2252 1131 2354 1190 est,
2373 1126 2552 1177 lauda·

1477 1199 1585 1251 bile
1630 1200 1699 1251 sit
1739 1216 1955 1252 necesse
1999 1208 2112 1251 est:
2161 1200 2350 1253 bonum
2384 1201 2548 1268 igitur

1478 1291 1630 1327 omne
1650 1277 1933 1330 laudabile.
1999 1278 2081 1328 Ex
2103 1293 2206 1344 quo
2228 1276 2468 1345 eflicitur,
2489 1286 2551 1331 ut

1480 1352 1618 1419 quod
1650 1353 1721 1404 sit
1755 1355 2047 1418 honestum,
2079 1353 2133 1404 id
2171 1355 2239 1406 sit
2273 1354 2434 1407 solum
2458 1355 2552 1408 bo-

1479 1428 1638 1480 num!
1674 1430 1746 1479 Et
1767 1444 1807 1479 1.
1831 1429 1900 1479 de
1924 1429 2134 1481 Natura
2154 1433 2420 1484 Deorum:
2454 1432 2471 1461 ⁸
2493 1432 2552 1483 Si

1479 1507 1576 1560 Dii
1599 1513 1740 1573 sunt,
1759 1507 1901 1557 beati
1919 1513 2041 1557 sunt
2061 1523 2076 1569 ;
2111 1506 2155 1559 si
2170 1507 2334 1573 besti,
2350 1508 2574 1561 virtute'

1480 1583 1720 1650 praediti3
1755 1584 1798 1634 si
1822 1583 2047 1646 virtutis,
2080 1590 2138 1635 et
2158 1584 2373 1636 rationis
2394 1591 2552 1636 erunt

1483 1676 1704 1727 capaces
1716 1660 1749 1712 τ’
1772 1661 1910 1712 unde
1922 1660 2253 1711 concluditur
2264 1661 2393 1725 illie,
2407 1662 2551 1712 Deos

1481 1751 1594 1788 esse
1613 1736 1904 1788 hominibus
1926 1736 2116 1787 similes
2135 1754 2153 1789 ι
2183 1736 2323 1803 quod
2354 1737 2554 1796 ibidem,

1482 1812 1680 1864 refellit
1698 1813 1916 1864 Tullius.
1977 1814 2049 1863 Et
2069 1819 2213 1864 certe
2236 1819 2427 1866 norunt
2444 1828 2553 1865 om-

1482 1904 1576 1941 nes
1598 1891 1800 1943 Soriten
1822 1905 1927 1941 non
1948 1897 2057 1941 tam
2085 1905 2197 1941 esse
2223 1896 2552 1955 argumenta-

1481 1966 1679 2016 tionem
1716 1965 2019 2030 legitimam,
2061 1971 2275 2024 rectam,
2314 1971 2550 2027 certam3

1484 2058 1638 2111 quam
1658 2044 1936 2110 argutiam,
1959 2052 2016 2095 et
2038 2042 2437 2095 cavillationem.
