3084 4934
1098 928 1728 1115 ‚sArmRA
1809 984 1896 1072 Ι.

1224 1379 1786 1433 ’.ΑΒΟΠΜΕΝΤΠΜ

475 1541 845 1594 Ama-mosim
869 1541 1152 1605 nobilium·
1138 1559 1191 1594 m
1219 1543 1531 1595 carminibus
1569 1530 1855 1596 condendis
1891 1544 2195 1613 vanitatem,
2219 1564 2324 1616 qua
2354 1550 2527 1602 omnia
2553 1550 2621 1602 ad
2675 1604 2685 1623 Ι

409 1625 827 1689 ostentationem,
856 1627 1105 1689 neglecto
1132 1628 1263 1691 veri,
1284 1614 1484 1678 honesti
1522 1635 1578 1678 et
1614 1628 1965 1693 simpHcitatis
2005 1629 2197 1694 studio,
2236 1637 2624 1698 comparentur,

409 1721 591 1758 severe
624 1708 1051 1772 reprehensorum
1090 1708 1300 1773 poetam
1338 1710 1532 1762 amicus
1563 1710 1771 1776 quidam
1807 1713 2175 1776 superveniens
2197 1728 2229 1763 a
2237 1713 2526 1779 proposito
2544 1713 2622 1767 di·

409 1802 617 1839 movere
638 1795 872 1854 conatur,
893 1796 949 1840 et
971 1804 1206 1841 sermone
1239 1805 1395 1855 super
1432 1792 1567 1842 hanc
1604 1805 1716 1842 rem
1747 1792 1989 1844 instituto
2023 1794 2225 1845 initium
2261 1794 2412 1861 hujus
2442 1796 2622 1847 satirae

408 1872 729 1922 continetur.
799 1871 946 1922 Ordo
983 1872 1358 1923 sententiarum
1392 1872 1475 1922 hic
1498 1878 1613 1924 esta
1649 1871 1878 1936 Operam
1910 1873 2046 1925 ludis
2087 1874 2383 1941 scribendo,
2421 1877 2625 1943 scripta

409 1953 544 2003 enim
570 1960 661 2004 tua
683 1968 835 2003 nemo
855 1952 1226 2020 leget—Quid
1245 1953 1343 2004 hoc
1362 1952 1428 2002 ad
1450 1954 1570 2003 me?
1603 1953 1893 2019 quasivero
1928 1969 2103 2005 curem
2137 1970 2353 2021 pravum
2387 1972 2622 2010 meorum

408 2035 598 2086 civium
611 2035 887 2101 judicium,
922 2050 1137 2102 quorum
1167 2050 1336 2085 mores
1377 2034 1585 2085 omnino
1619 2048 1832 2099 gravem
1865 2049 2136 2087 censuram
2170 2040 2625 2091 merentum—Sed

398 2107 555 2183 liena,
576 2117 690 2184 quis
713 2125 765 2169 te
791 2133 1055 2169 censorem
1079 2117 1280 2169 creavit
1297 2116 1648 2167 ?—Gravitati
1683 2123 1738 2166 et
1776 2117 2041 2168 severitati
2071 2119 2243 2169 aetatis
2273 2134 2405 2170 meas
2439 2136 2624 2172 munus

409 2200 508 2250 hoc
531 2200 985 2252 convenit.—Non
1018 2194 1349 2251 mandabitur
1383 2198 1500 2264 tibi,
1522 2190 2165 2264 inquam—Nihilominus
2184 2206 2355 2252 tamen
2386 2204 2470 2254 vel
2491 2204 2622 2257 invi-

407 2283 476 2332 tis
514 2282 770 2345 omnibus,
808 2287 997 2332 natura
1035 2282 1118 2333 vel
1145 2281 1366 2332 invitum
1402 2280 1722 2347 impellente,
1749 2281 2079 2332 scribendum
2112 2283 2236 2334 mihi
2276 2290 2372 2335 est.
2428 2300 2504 2336 vs.
2540 2289 2621 2337 12.

407 2365 527 2417 Jam
549 2364 713 2430 ipsius
737 2363 1026 2428 argumenti
1048 2363 1300 2414 tractatio
1322 2363 1528 2430 incipit,
1552 2380 1667 2431 quae
1688 2371 1769 2416 est
1791 2379 1858 2415 ex
1880 2364 2169 2417 dramatico
2191 2380 2398 2432 genere.
2463 2367 2623 2431 Indu-

406 2445 544 2498 citur
575 2447 712 2498 enim
735 2445 940 2514 aliquis,
973 2447 1060 2513 qni
1102 2454 1469 2512 praeposteram
1508 2453 1566 2498 et
1602 2448 1948 2513 importunam
1984 2447 2118 2499 iliius
2152 2448 2324 2500 aetatis
2360 2438 2623 2501 scribendi

406 2528 729 2594 pruriginem
741 2526 1363 2580 defendat.-Scribimus
1384 2529 1937 2590 sublimia.--Scilicet,
1958 2530 2262 2597 interpellat
2276 2546 2393 2582 eum
2412 2532 2628 2595 Noster,

410 2617 468 2660 ut
488 2610 698 2674 habeas,
713 2610 851 2676 quod
872 2611 1064 2661 recites
1080 2625 1254 2661 coram
1271 2611 1562 2663 hominibus
1575 2611 1764 2676 judicii
1785 2613 2183 2678 corruptissimi,
2200 2613 2388 2680 quibus
2410 2608 2624 2680 probari

407 2693 744 2744 vehementer
763 2693 931 2757 cupis.
978 2707 1053 2745 vs.
1072 2691 1363 2746 28.-Quid
1404 2692 1631 2760 alioquin
1655 2692 1812 2757 juvat
1846 2709 2045 2744 summo
2065 2709 2181 2745 cum
2213 2694 2391 2746 labore
2427 2692 2624 2760 aliquid

406 2774 687 2826 didicisse?
720 2790 794 2827 vs.
814 2774 1130 2828 eth-Quasi
1150 2788 1277 2826 vero
1300 2774 1538 2825 scientiae
1571 2772 1770 2826 fructus
1810 2775 2040 2840 pendeat
2074 2775 2238 2826 omnis
2275 2776 2341 2826 ab
2359 2776 2624 2826 hominurn

408 2856 812 2921 existimatione,
833 2856 1059 2923 nihilque
1076 2856 1131 2907 in
1148 2871 1205 2908 se
1229 2856 1387 2922 pretii
1406 2856 1621 2908 habeat.
1663 2872 1739 2909 vs.
1762 2856 2038 2909 2⁷.—Aiu’
2061 2858 2152 2907 tu?
2186 2857 2332 2922 parvi
2356 2856 2542 2922 pendis·
2568 2856 2624 2907 in

407 2953 498 2990 ore
514 2932 774 2990 hominum
795 2953 932 3003 esse,
967 2938 1020 2988 in
1053 2938 1240 2989 scholis
1280 2939 1517 3003 tractari,
1548 2938 1687 2990 inter
1717 2938 1912 3004 pocula
1945 2937 2266 3004 frequentari
2304 2952 2367 2988 ac
2407 2938 2624 3003 laudari,

322 3028 329 3034 “
406 3021 591 3071 beatus
611 3026 733 3086 post
755 3026 976 3071 mortem
998 3035 1061 3071 eo
1083 3020 1324 3079 futurus?
1356 3020 1497 3074 Quid
1519 3021 1693 3071 rides?
1725 3034 1792 3071 an
1814 3021 1933 3080 erit,
1956 3020 2044 3086 qui
2058 3019 2439 3070 immortalitati
2461 3019 2625 3070 inser·

408 3103 521 3154 vire
543 3103 778 3173 recuset?
808 3119 885 3155 vs.
907 3102 1239 3153 4s.-—Sentio
1260 3102 1517 3168 equidem,
1539 3101 1664 3168 quid
1686 3102 1755 3152 sit
1776 3100 1964 3152 merito
1987 3101 2222 3164 laudari;
2253 3114 2432 3151 verum
2454 3102 2622 3152 accla-

407 3184 663 3236 mationes
681 3186 839 3236 istas:
878 3181 1055 3248 Euge!
1086 3190 1142 3235 et
1163 3185 1300 3235 Belle
1314 3184 1340 3236 !
1360 3199 1480 3236 cum
1499 3183 1907 3235 futilissimorum
1930 3190 1986 3235 et
2016 3182 2377 3234 vilissimorum
2400 3183 2622 3250 scripto-

392 3273 620 3335 ·rum‚ut
641 3282 779 3319 nunc
802 3274 904 3332 est,
935 3266 1150 3331 premia
1169 3266 1292 3331 sint,
1330 3267 1500 3318 nullus
1537 3282 1679 3318 curo.
1736 3281 1810 3319 vs.
1832 3271 1916 3318 5³.
1982 3267 2143 3332 Quid,
2181 3267 2320 3333 qnod
2360 3267 2623 3322 auditores

408 3362 632 3416 quoque,
669 3348 823 3399 variis
859 3348 1055 3399 artibus
1094 3349 1348 3414 corrupti,
1372 3348 1697 3399 velificantur
1731 3349 1941 3414 quidem
1978 3348 2303 3417 recitantium
2341 3349 2571 3413 auribus,
2592 3362 2626 3400 a

394 3438 560 3499 ‚tergo
583 3436 756 3482 autem
777 3418 969 3482 rident.
1018 3445 1096 3481 vs.
1118 3433 1201 3482 62.
1266 3428 1382 3494 Age
1399 3430 1532 3494 jam,
1564 3429 1847 3493 videamus,
1877 3431 2027 3496 quale
2049 3430 2120 3481 sit
2145 3431 2322 3496 populi
2335 3430 2622 3496 judicium!

394 3513 591 3583 ‘molles
614 3519 670 3564 et
691 3511 945 3565 infractos
966 3512 1184 3581 requirit
1204 3525 1405 3575 versus,
1421 3525 1697 3578 rerumque
1711 3518 1993 3571 tumorem.
2029 3526 2105 3563 vs.
2128 3516 2211 3564 68.
2277 3512 2555 3577 Cujussei,
2579 3510 2624 3560 si

408 3609 591 3647 verum
613 3596 848 3646 volumus
871 3594 1044 3659 fateri,
1063 3595 1240 3646 insana
1265 3594 1370 3645 ista
1404 3609 1685 3660 puerorum
1707 3595 1761 3644 in
1785 3593 1969 3646 scholis
1995 3593 2339 3658 institutione,
2361 3596 2625 3660 stultaque

410 3674 736 3751 antiquitatis
757 3677 1071 3727 verecundia
1090 3683 1327 3728 auctores
1350 3677 1449 3743 ipsi
1468 3692 1659 3728 sumus.
1713 3691 1788 3727 vs.
1812 3680 1894 3726 78.
1962 3675 2102 3727 Hinc
2138 3676 2385 3726 sermonis
2414 3690 2626 3741 corrup-

410 3757 518 3808 tela
537 3757 827 3824 repeteuda
846 3764 949 3823 est,
969 3771 1086 3824 quoe
1109 3758 1244 3809 adeo
1266 3758 1320 3808 in
1341 3758 1545 3811 deliciis
1578 3758 1820 3821 habetur,
1860 3762 1918 3807 ut
1935 3752 1941 3761 ‘
1961 3758 2046 3807 vel
2086 3758 2259 3823 capite
2293 3756 2623 3824 fortunisque

368 3840 646 3911 -Komnibus
670 3840 749 3890 rei
769 3839 1023 3905 neglectis
1046 3841 1227 3907 populi
1249 3841 1485 3906 plausum
1522 3838 1729 3905 patroni
1751 3838 1873 3891 inde
1907 3838 2093 3890 mereri
2117 3838 2380 3891 studeant.
2433 3854 2513 3891 vs.
2535 3838 2621 3889 91.

388 3910 683 3975 .-—At'soni
707 3929 879 3977 tamen
906 3929 962 3972 et
998 3907 1362 3973 concinnitatis
1396 3922 1530 3974 ratio
1552 3921 1913 3993 habendaest,
1935 3935 2090 3987 quam
2121 3920 2315 3986 priores
2338 3920 2511 3986 poeta
2532 3935 2622 3972 ne-

391 4005 707 4069 ·glexerunt.
724 4018 801 4055 vs.
821 4004 1093 4056 {lm—Hoc
1113 4005 1282 4056 allatis
1302 4005 1553 4069 exemplis
1576 4004 1775 4055 ridetur
1791 4019 1866 4054 vs.
1892 4007 2007 4054 106.
2072 4002 2189 4055 Quo
2208 4000 2352 4054 facto
2364 4001 2625 4067 judicium

386 4092 391 4098 '
413 4100 561 4136 suum
576 4086 644 4138 de
668 4092 783 4139 toto
803 4087 894 4137 illo
917 4100 1110 4151 genere
1131 4087 1329 4139 Noster
1349 4087 1496 4139 brevi
1533 4086 1815 4152 subjungit.
1862 4084 2093 4138 Tandem
2125 4083 2624 4144 adversarius‚-cun=

412 4166 540 4218 nihil
562 4173 838 4233 praterea,
859 4182 964 4233 quo
1000 4181 1212 4220 causam
1252 4181 1397 4221 suam
1433 4173 1714 4227 sustentet,
1739 4165 1965 4228 habeat,
1999 4180 2104 4216 cur·
2131 4164 2227 4217 tibi
2263 4158 2396 4229 ipse,
2434 4165 2623 4230 inquit,

416 4246 576 4300 nimio
606 4249 720 4299 veri
757 4246 931 4300 studio
952 4248 1489 4303 'noeesi--Quantum
1528 4247 1597 4299 ad
1625 4262 1729 4313 me,
1767 4245 2047 4312 respondet
2084 4246 2281 4297 Noster
2313 4245 2623 4309 similanter,

413 4329 590 4384 emnia
604 4327 722 4385 hee
742 4327 995 4396 praeclara
1014 4329 1141 4399 sint,
1160 4328 1402 4396 equide-
1423 4328 1603 4381 ulcera
1621 4327 1735 4384 hec
1751 4341 1860 4380 nou
1879 4332 2106 4394 tangam.
2159 4325 2459 4390 Enimvero,
2478 4324 2622 4392 quod
