3084 4934
542 414 631 482 68
1320 428 1393 481 Α.
1440 429 1688 481 Paesti
1735 432 1871 489 nm
1883 433 1997 481 cci

1208 1012 1795 1108 SATIRA
1898 1007 2092 1104 ΙΙΙ.

1376 1433 1923 1508 Aliensium-Um.

619 1615 861 1667 Mul-mu
880 1629 944 1667 ac
967 1615 1272 1667 desidiosam
1288 1616 1626 1682 juventutem
1644 1617 1949 1680 Romanam,
1971 1615 2153 1679 opibus
2174 1621 2230 1665 et
2250 1612 2520 1665 nobilitate
2542 1610 2752 1678 fretam,

554 1696 748 1747 acriter
762 1698 972 1746 Persius
991 1697 1088 1748 sub
1111 1710 1331 1764 persona
1354 1698 1644 1763 philosophi
1661 1698 1824 1748 Stoici
1841 1697 2169 1763 perstringit.
2212 1696 2601 1746 Sententiarum
2622 1692 2749 1745 ordo

537 1774 635 1826 liic
657 1782 754 1828 est.
820 1777 1099 1829 Dormiunt
1119 1779 1342 1843 ,iuvenes
1370 1777 1637 1829 delicatuli
1672 1779 1725 1828 in
1768 1780 1985 1829 multam
2006 1776 2159 1827 diem.
2182 1781 2269 1839 4.;
2315 1776 2534 1848 excitati
2572 1788 2750 1826 somno

546 1856 736 1908 morosi
756 1864 990 1923 snrgunt,
1009 1859 1288 1924 accingunt
1307 1875 1363 1911 se
1393 1860 1581 1925 labori,
1603 1860 1922 1926 desidiaeque
1952 1860 2147 1910 crimen
2165 1859 2313 1910 vanis
2333 1856 2751 1908 excusationibus

546 1935 778 2002 effugere
801 1945 1025 1991 tentant.
1050 1944 1129 1991 14.
1195 1931 1350 1993 Hanc
1373 1942 1625 1993 rationem
1646 1943 1900 2007 puerilem
1933 1956 2120 2007 magna
2148 1952 2264 1992 cnm
2285 1938 2640 2003 indignatione
2666 1952 2753 1991 ex·

544 2018 765 2087 probrat
784 2020 1053 2090 .magister
1088 2019 1299 2085 adultis,
1320 2029 1698 2088 monstratque,
1721 2038 1809 2074 eos
1844 2021 2177 2087 sibimetipsis
2197 2022 2354 2072 verba
2375 2021 2502 2070 dare
2522 2032 2630 2070 non
2648 2030 2755 2069 ma·-

547 2097 731 2163 gistro,
750 2100 952 2165 sibique
986 2116 1179 2152 nocere
1213 2117 1410 2153 summa
1439 2103 1658 2153 mollitie
1680 2104 2008 2169 depravatos.
2045 2107 2129 2152 22.
2195 2101 2475 2152 Formandi
2506 2100 2754 2165 fingendi-

547 2194 649 2250 que
670 2180 737 2229 ad
757 2181 964 2231 virtutis
986 2190 1251 2255 praecepta
1274 2183 1429 2233 animi
1466 2198 1605 2234 nunc
1643 2185 1866 2234 maxime
1900 2190 2105 2248 tempus
2143 2184 2356 2234 instare.
2384 2187 2505 2245 24,
2548 2181 2757 2235 divitias

545 2275 608 2312 ac
647 2246 976 2311 nobilitatem
1013 2262 1080 2311 ad
1120 2262 1253 2313 bene
1286 2262 1545 2329 beateque
1574 2264 1849 2315 vivendum
1871 2266 2078 2315 minime
2097 2263 2351 2315 sufficere.
2372 2269 2455 2314 29.
2523 2263 2756 2316 Quarum

546 2356 721 2391 rerum
743 2347 1073 2392 externarum
1107 2345 1435 2409 splendorem
1467 2348 1645 2397 oculos
1684 2347 1895 2412 quidem
1933 2361 2082 2411 posse
2116 2346 2469 2411 perstringere
2487 2343 2753 2409 imperito·

446 2484 453 2489 .
548 2436 682 2486 rum,
700 2423 949 2486 sapientis
969 2438 1071 2474 non
1094 2424 1237 2475 item.
1261 2430 1342 2476 30.
1410 2428 1758 2478 Miserrimum
1796 2442 1906 2478 esse
1939 2428 2292 2478 conditionem
2331 2436 2526 2488 eorum,
2564 2424 2653 2490 qni
2676 2438 2753 2474 re-

544 2503 673 2554 licta
695 2503 889 2554 virtute
911 2505 1127 2570 scirent,
1148 2507 1271 2572 quid
1306 2508 1675 2573 perdidissent.
1710 2512 1793 2560 34.
1857 2510 1923 2559 Id
1947 2510 2085 2575 quod
2108 2511 2272 2575 magis
2295 2510 2583 2559 illustratur
2608 2504 2751 2557 brevi

545 2583 865 2649 digressione
886 2587 939 2636 iu
962 2587 1170 2637 virtutis
1190 2591 1541 2652 praestantiam
1565 2598 1620 2639 et
1639 2590 1968 2641 conscientiae
1993 2591 2247 2654 stimulos,
2286 2590 2469 2656 quibus
2508 2588 2643 2638 illius
2666 2586 2752 2637 de-

552 2672 778 2716 sertores
801 2682 897 2717 ceu
917 2667 1186 2718 Furiarum
1208 2670 1358 2720 taedis
1380 2671 1726 2733 exagitantur.
1748 2674 1828 2720 43.
1895 2672 2227 2721 Communem
2245 2670 2455 2736 quidem
2476 2680 2756 2734 puerorum

546 2760 762 2809 morem,
779 2764 929 2814 quam
952 2751 1120 2800 aversi
1159 2765 1190 2800 a
1227 2751 1388 2801 rectis
1423 2752 1610 2802 studiis
1632 2767 1746 2802 esse
1775 2753 1993 2816 soleant,
2030 2751 2315 2819 quibusque
2351 2752 2507 2802 rebus
2543 2750 2755 2801 ludicris

547 2828 772 2879 maxime
808 2836 1103 2894 teneantur,
1141 2833 1380 2896 exemplo
1428 2846 1492 2880 ex
1524 2847 1618 2882 sua
1656 2833 1819 2896 ipsius
1857 2833 2084 2898 pueritia
2117 2833 2275 2883 ducto
2300 2831 2640 2883 demonstrat.
2672 2834 2756 2882 51.

544 2908 653 2961 Sed
670 2910 803 2972 illos,
826 2926 944 2961 cum
955 2913 1068 2976 jam
1089 2927 1157 2962 ex
1178 2912 1392 2976 ephebis
1415 2915 1759 2979 excesserint,
1798 2921 1955 2980 atque
1985 2915 2038 2964 id
2062 2915 2233 2964 aetatis
2256 2914 2377 2976 sint,
2409 2920 2467 2963 ut
2500 2918 2701 2963 rectum
2724 2926 2757 2961 a

543 3006 707 3057 pravo
739 2993 1040 3056 dignoscere
1062 3000 1272 3059 queant,
1295 2979 1627 3045 nihilominus*
1650 3002 1825 3046 tamen
1845 2995 1977 3045 mira
1999 2995 2219 3060 quadam
2253 2994 2574 3059 negligentia
2594 2992 2646 3043 in
2669 2993 2757 3044 de·

548 3072 756 3137 ligendo
774 3075 871 3124 sibi
896 3082 1039 3126 certo
1063 3076 1235 3141 aliquo
1256 3075 1380 3126 vitae
1404 3090 1595 3141 genere
1619 3091 1749 3140 esse,
1770 3075 1994 3141 ideoque
2013 3076 2125 3126 sine
2150 3075 2289 3127 omni
2311 3074 2477 3124 futuri
2496 3082 2639 3125 cura.
2671 3078 2754 3125 62.

456 3149 465 3159 ”
547 3153 612 3217 In
638 3161 871 3220 tempore
893 3155 935 3204 si
967 3156 1274 3209 adhibeatur
1295 3157 1575 3219 medicina,
1598 3171 1836 3223 magnum
1859 3156 1970 3221 ejus
1989 3171 2136 3206 usum
2160 3170 2273 3207 esse
2292 3172 2307 3218 ;
2344 3154 2561 3218 perditis
2582 3161 2758 3209 autem

547 3235 710 3285 semel
745 3235 974 3287 moribus
1014 3237 1286 3302 sapientise
1328 3244 1597 3302 praecepta
1618 3252 1735 3287 raro
1765 3237 1981 3287 mederi.
2004 3242 2085 3287 76.
2153 3236 2525 3285 Doctrinarum
2549 3236 2757 3300 quidem
2855 3250 2864 3263 ⁸

547 3316 785 3380 magistri
811 3332 842 3366 a
857 3317 1081 3383 stupidis
1104 3318 1351 3381 derideri,
1374 3319 1722 3383 tetricamque
1744 3318 1968 3382 ipsorum
1991 3333 2053 3368 ac
2076 3331 2330 3367 morosam
2364 3316 2756 3381 philosophiam,

547 3402 610 3446 ut
630 3397 786 3462 vulgo
808 3397 1136 3462 perhibeant,
1157 3413 1258 3448 non
1295 3399 1465 3449 curari
1499 3403 1617 3460 87.;
1653 3398 1891 3463 exemplo
1923 3388 2098 3448 tamen
2138 3397 2205 3446 ab
2245 3402 2443 3460 aegroto
2476 3401 2644 3445 sumto
2666 3396 2755 3446 de-

545 3483 823 3539 monstrat,
860 3493 1013 3544 quam
1052 3480 1399 3544 periculosum
1437 3479 1526 3541 sit,
1563 3477 1751 3528 medici
1791 3478 2005 3527 consilia
2025 3478 2334 3541 neglexisse,
2367 3475 2754 3540 saepissimeque

549 3563 772 3609 mortem
792 3559 939 3623 hujus
972 3560 1242 3624 neglectus
1282 3574 1486 3624 poenam
1509 3573 1643 3609 esse.
1678 3563 1791 3608 106.
1856 3559 1933 3609 Ut
1953 3556 2186 3622 corporis
2204 3556 2372 3606 morbi
2393 3568 2756 3622 nonnunquam

544 3640 768 3702 lateant,
784 3654 948 3704 eoque
966 3636 1320 3690 vehementius
1339 3641 1443 3690 vim
1457 3655 1601 3690 suam
1623 3638 1795 3689 subito
1813 3653 2030 3689 exerere
2049 3638 2277 3688 soleant:
2324 3637 2400 3687 sic
2421 3637 2580 3688 etiam
2601 3637 2770 3711 animi‘

546 3716 939 3784 commotiones,
977 3720 1249 3771 occasione
1285 3720 1493 3784 oblatae,
1533 3722 1703 3771 solere
1740 3736 1795 3771 se
1830 3721 2123 3775 ostendere.
2145 3724 2259 3769 111.
2325 3719 2571 3783 Magnam
2596 3719 2756 3805 igitur

545 3814 723 3851 curam
746 3800 891 3851 nobis
914 3800 1255 3852 adhibendam
1278 3817 1412 3866 esse,
1433 3810 1513 3866 ut,
1536 3803 1738 3853 etiamsi
1761 3802 1860 3852 vim
1902 3802 2121 3867 alicujus
2142 3799 2308 3850 morbi
2334 3814 2435 3850 non
2457 3780 2755 3864 scatianum

546 3895 747 3949 omnem
772 3888 944 3932 tamen
967 3882 1320 3948 diligentiam·
1307 3898 1359 3933 ιιι
1400 3882 1779 3948 nobismetipsis
1818 3883 2050 3934 tutandis
2090 3882 2381 3947 futurisque
2420 3880 2612 3933 morbis
2634 3895 2751 3933 cum

546 3963 781 4027 corporis
802 3969 913 4014 tum
932 3963 1085 4014 animi
1102 3966 1424 4017 occurrendo
1447 3976 1719 4032 ponamus.
