3084 4934
1196 395 1471 448 rssnslr
1517 394 1684 447 ΕΔΤ.
1728 397 1780 447 Ῑ.

350 540 490 605 grtes]
531 540 673 593 Hinc
714 537 1063 607 proverbium,
1100 544 1164 592 ad
1202 555 1423 606 mmm,

348 633 450 684 pro
473 634 530 669 re
564 617 803 683 perfecta
839 625 896 669 et
931 616 1165 669 omnibus
1195 618 1420 668 numeris

350 695 801 760 absoluta.—·Scit,
822 698 926 761 Bra]
956 695 1247 746 Secundum
1273 710 1422 758 argu-

352 777 584 821 mentum
626 785 657 818 a
702 772 1094 835 comparatione
1144 771 1384 822 similium
1404 787 1419 831 3

350 846 405 896 id
447 853 546 910 est,
591 846 721 896 Tam
767 854 912 897 recte
955 862 1160 897 versum
1215 847 1421 910 scribit,

350 929 509 990 'quam
529 922 665 973 fabri
692 924 898 988 lignarii
931 925 1140 987 lineam,
1171 938 1420 986 normam,

351 1007 444 1050 aut
480 1000 907 1066 perpendiculum
944 999 1154 1050 rubrica
1184 1006 1240 1049 et
1273 1010 1423 1050 creta

346 1083 553 1129 notant.
622 1076 891 1141 Significat
909 1076 1163 1142 optimum
1181 1077 1421 1128 carminis

347 1155 592 1219 opificem
625 1161 685 1204 et
716 1153 1422 1217 artificem.——-Tendere]⁴De-

350 1232 563 1296 ducere,
600 1231 842 1295 dirigere,
873 1231 1156 1293 collimare,
1187 1237 1338 1281 utet
1343 1245 1422 1279 sa-

349 1309 547 1375 gittarii
562 1309 827 1359 clauditur
844 1323 975 1358 imus
987 1308 1188 1372 oculus,
1200 1322 1263 1358 ne
1280 1308 1421 1358 visus

348 1385 637 1435 dividatur.
672 1385 822 1435 Idem.

344 1481 359 1489 ·
416 1468 483 1513 66
519 1464 630 1513 Non
650 1464 803 1528 secus]
836 1464 957 1514 Non
996 1464 1171 1527 aliter,
1191 1469 1345 1528 atque
1379 1465 1423 1514 si

348 1537 499 1590 faber
524 1539 768 1603 lignarius
789 1555 917 1605 opus
935 1541 1001 1590 ad
1024 1542 1262 1591 amussim
1277 1548 1331 1591 et
1344 1555 1423 1592 re-

350 1618 523 1681 gulam
565 1617 843 1682 examinet,
889 1626 943 1668 et
976 1618 1166 1668 lineam
1207 1624 1422 1681 rectam,

347 1707 530 1743 norma
552 1706 648 1757 per
672 1693 929 1744 rubricam
951 1702 1133 1745 notata
1154 1695 1345 1759 dirigat
1367 1701 1425 1745 et

342 1770 950 1835 apponat.--Rubricam]
984 1772 1165 1822 Solent
1186 1773 1324 1821 enim
1346 1770 1423 1822 fa-

343 1846 432 1897 bri
454 1846 660 1910 lignarii
670 1847 908 1906 amussim
928 1848 1153 1910 rubrica,
1169 1855 1322 1898 creta
1336 1850 1421 1898 vel

344 1930 643 1974 atramento
666 1928 866 1989 notare,
886 1931 943 1975 et
972 1924 1101 1974 illud
1135 1924 1202 1973 ad
1223 1924 1422 1989 lignum

349 1997 660 2063 transferre,
680 2000 796 2065 ipsa
826 2016 1006 2051 norma
1027 2000 1227 2065 lignum
1245 1999 1424 2051 verbe-

349 2076 531 2141 rando,
550 2083 611 2127 ut
628 2077 896 2141 designent
909 2077 1031 2142 quid
1051 2077 1422 2141 amputandum

349 2153 438 2216 sit,
461 2161 516 2202 et
538 2168 640 2218 quo
664 2160 816 2217 pacto
840 2169 968 2218 opus
980 2149 1050 2204 sit
1076 2151 1419 2217 dirigen'dum.

346 2230 501 2285 Quoto
515 2230 647 2293 uno]
660 2232 779 2279 Uno
795 2230 1033 2280 nimirum
1046 2231 1240 2294 clauso,
1254 2231 1420 2284 altero

348 2312 557 2386 aperto,
574 2312 636 2356 ut
665 2306 815 2356 lineae
841 2305 1211 2355 rectitudinem
1232 2306 1423 2355 exami-

344 2389 499 2442 nent,
520 2397 589 2432 ne
611 2398 745 2447 vago
764 2382 1030 2433 amborum
1051 2384 1314 2433 oculorum
1333 2383 1422 2433 ob·

348 2465 487 2525 tutu,
534 2475 714 2511 nonna
771 2460 1097 2510 rectitudinis
1161 2460 1418 2511 turbetur.

345 2537 569 2588 Tui-neb.
594 2550 798 2587 xxvm.
818 2541 902 2589 26.

411 2618 477 2664 6⁷
512 2615 645 2679 Suae,
664 2617 771 2680 ξω]
790 2615 1023 2665 Tertium
1046 2621 1421 2680 argumentum,

348 2708 380 2744 a
399 2692 580 2758 quavis
597 2693 816 2743 materia
832 2693 1094 2756 subjecta,
1105 2693 1171 2743 de
1194 2709 1294 2759 qua
1308 2708 1420 2757 gra-

340 2768 553 2818 ›vissime
577 2775 635 2819 et
655 2768 962 2833 politissime
985 2783 1189 2819 carmen
1211 2763 1421 2820 scribat.

344 2846 603 2903 Declarat
630 2846 686 2895 id
719 2861 877 2895 causa
914 2845 1210 2907 efficiente3
1247 2848 1421 2897 Musa-

342 2938 461 2972 rum
496 2924 699 2974 scilicet
729 2923 1088 2988 inspiratione.
1130 2924 1421 2975 Labitur&-

350 3003 485 3066 Opus
504 3001 573 3065 in,
592 3002 701 3065 ξω]
735 3000 800 3050 Τὸ
821 3017 936 3066 opus
967 3000 1203 3051 bifariam
1246 3007 1421 3064 potest

344 3078 537 3142 exponi
560 3095 574 3128 ε
610 3080 718 3129 sive
740 3093 870 3143 opus
891 3080 958 3129 sit
981 3079 1034 3128 in
1052 3095 1220 3130 mores
1236 3080 1415 3129 evehi:

347 3157 454 3217 vel,
492 3155 603 3206 sive
645 3170 773 3220 opus
810 3155 969 3206 fuerit
1008 3155 1306 3205 institutum
1353 3156 1421 3206 ab

344 3231 463 3294 illo,
479 3230 733 3282 adversus
749 3246 939 3282 mores.
1010 3234 1146 3296 Opus
1164 3240 1345 3282 autem
1368 3234 1420 3283 in

346 3323 502 3360 mores
521 3312 570 3356 et
589 3309 771 3371 mmm,
792 3308 1113 3372 interpretor
1137 3309 1204 3358 de
1236 3308 1420 3373 satyri·

344 3399 414 3436 eo
447 3384 679 3447 scripte:
720 3384 853 3449 quod
890 3385 1134 3434 videntur
1166 3401 1231 3436 ea
1260 3393 1420 3435 aetate

345 3460 498 3510 multi
538 3466 787 3523 tentasse,
832 3461 1018 3525 partim
1061 3462 1289 3530 carmine
1333 3461 1421 3511 he-

346 3536 512 3597 mico,
534 3543 593 3585 ut
614 3536 846 3600 Persius,
863 3538 1051 3601 partim
1072 3553 1170 3601 per
1193 3545 1421 3602 satyram

334 3612 524 3662 'mixtis
538 3613 771 3662 oratione
791 3620 846 3662 et
864 3627 1033 3675 versu,
1049 3620 1109 3662 ut
1126 3614 1419 3664 Petronius.

342 3690 472 3750 Nou
512 3689 789 3744 assentior·
813 3690 983 3739 veteri
1033 3690 1311 3754 interpreti
1364 3698 1423 3741 et

343 3768 470 3818 aliis
487 3768 574 3832 qui
596 3782 748 3816 mores
781 3766 846 3817 de‘
868 3767 1123 3818 comoedia
1142 3768 1422 3831 accipiunt,

343 3846 511 3896 luxum
551 3844 617 3894 de
659 3852 853 3908 satyra.
916 3845 1237 3895 casaubonus.
1262 3871 1327 3881 ——-
1352 3846 1422 3894 Et

341 3921 551 3986 prandia
584 3922 771 3984 regum]
809 3921 1067 3985 Intelligit
1087 3922 1419 3985 Tragoedias;

346 4004 406 4048 ut
430 3996 704 4062 prandium
737 3998 909 4062 Terei,
942 4013 1139 4050 coenam
1162 3999 1420 4063 Thyestae.

254 4075 524 4130 >Luem

411 4156 477 4202 68
512 4153 625 4202 Res
644 4154 869 4215 grandes,
908 4152 1011 4216 ἃμ]
1057 4154 1188 4205 Quae
1230 4105 1422 4203 intelli

342 4228 529 4297 gemla
542 4235 746 4278 tantum
779 4228 847 4278 de
869 4229 1162 4294 Tragoedia.
1227 4230 1421 4293 Satyra

342 4303 488 4358 enim
529 4305 779 4368 populare
825 4311 881 4354 et
923 4304 1118 4355 humile
1162 4306 1419 4371 seriptum

479 4385 656 4450 Demi
677 4390 721 4438 et
752 4384 866 4433 Var.
888 4385 1015 4437 Clas»

2431 377 2566 456 209

1499 545 1599 590 est.
1640 538 1894 604 Intelligit
1913 544 2087 590 autem
2112 554 2204 605 per
2224 539 2322 589 Ros
2340 540 2566 603 pudes,

1498 632 1730 681 magnas,
1763 624 1819 667 et
1855 618 2189 682 ponderosaS,
2221 617 2487 682 sublimes,
2512 623 2571 667 et

1501 694 1659 743 verba
1714 692 1916 743 decoris
1971 700 2027 743 et
2078 692 2346 758 gravitatis
2395 694 2570 757 plena.

1498 769 1920 830 Lubim-—Nostro
1940 772 2044 835 dat,
2066 764 2172 834 ξω]
2203 770 2348 821 Huic
2366 769 2432 819 de
2464 784 2567 836 quo

1498 846 1792 912 loquimur:
1827 854 1948 898 sunt
1969 849 2101 898 enim
2121 848 2299 913 populi
2313 848 2473 898 verba
2488 862 2569 898 re-

1498 924 1664 973 centis
1685 924 1852 974 adbuc
1878 941 1907 974 e
1931 924 2114 975 Poetae
2138 923 2407 988 cujusdam
2438 924 2570 975 reci·

1498 1002 1725 1051 tationez
1763 1002 1857 1052 sed
1895 1002 2159 1051 Neronem
2198 1001 2460 1065 pra-cipue
2494 1001 2569 1051 in-

1499 1077 1667 1142 telligi
1680 1077 2095 1128 existimantibus
2107 1078 2430 1130 assentimur.
2452 1079 2567 1131 Cas·-

1498 1153 1668 1202 aubon.

1563 1234 1629 1279 09
1663 1231 1805 1293 Ecce,
1826 1232 1933 1296 &ej
1966 1230 2124 1281 Aliud
2161 1229 2394 1301 Poeticae
2428 1232 2571 1284 vani-

1498 1305 1622 1356 tatis
1652 1314 2026 1370 argumentum,
2061 1308 2196 1372 quod
2228 1308 2426 1373 majora
2449 1310 2569 1364 viri-

1496 1384 1595 1442 bus
1617 1386 2042 1450 aggrederentur,
2064 1394 2119 1437 et
2155 1389 2285 1437 cum*
2302 1402 2369 1437 ne
2401 1388 2568 1450 humi-

1497 1461 1635 1512 libus
1666 1462 1874 1528 quidem
1907 1463 2141 1513 materiis
2177 1464 2395 1516 dextere
2430 1472 2568 1520 trae·

1501 1539 1672 1589 tandis
1710 1537 2028 1603 sufficerent,
2061 1541 2295 1592 materiis
2327 1542 2570 1607 gravissi-

1498 1616 1598 1666 mis
1636 1631 1812 1668 manus
1852 1618 2261 1668 admolirenturz
2306 1620 2569 1670 Praeclare

1498 1692 1567 1742 de
1589 1693 1670 1743 his
1694 1693 1950 1744 Horatius
1972 1711 1985 1743 ι
2021 1699 2035 1723 ‘
2061 1694 2261 1745 Sumite
2297 1696 2572 1747 materiam

1498 1771 1706 1833 vestris,
1744 1772 1832 1835 qui
1856 1771 2098 1835 scribitis,
2122 1787 2320 1837 aequam
2342 1772 2575 1838 Viribus,

1496 1851 1555 1896 et
1590 1852 1795 1896 versate
1828 1845 1934 1912 diu,
1967 1848 2092 1912 quid
2122 1845 2271 1907 'ferre
2308 1855 2584 1911 recusem,

1496 1920 1643 1973 Quid
1678 1922 1887 1972 valeant
1927 1921 2378 1988 humeae-Ecce]
2411 1924 2570 1976 Quasi

1497 2012 1606 2046 rem
1631 2012 1818 2047 novam
1841 2005 1897 2048 et
1926 1998 2213 2049 inauditam
2247 2000 2567 2064 incepturus.

1495 2074 1753 2125 —Heroas
1790 2075 1973 2138 sensus]
2034 2075 2293 2140 Intelligit
2331 2075 2567 2128 heroicas

1497 2152 1756 2215 materias,
1776 2153 1955 2217 quales
1994 2159 2225 2204 tractant
2262 2153 2430 2217 Epici,
2454 2168 2568 2206 sen·

1497 2228 1687 2278 tenti-as
1712 2235 1769 2279 et
1790 2230 2030 2279 materias
2063 2244 2262 2294 graves,
2292 2230 2556 2282 sublimes:

1497 2305 1674 2369 posuit
1710 2311 1885 2357 autem
1918 2307 2105 2358 Heroas
2137 2321 2233 2369 pro
2267 2306 2453 2356 Heroos
2487 2307 2569 2356 vel

1495 2380 1742 2431 Heroicos.
1758 2410 1824 2418 —-
1842 2381 2071 2447 Adferre]
2128 2381 2407 2449 Proferre,
2443 2384 2569 2434 seri-

1492 2458 1641 2521 bere,
1664 2466 1718 2508 et
1742 2458 2382 2523 producere.-—Docemus]
2418 2461 2569 2528 Ιιεςί-

1496 2543 1583 2588 tur
1603 2536 1657 2586 in
1679 2537 1809 2600 aliis,
1829 2539 2051 2588 videnms.
2082 2537 2269 2587 Lubin.

1561 2618 1625 2663 70
1680 2614 1891 2677 Nugari,
1932 2614 2036 2679 εςω]
2091 2615 2195 2666 Qui
2240 2620 2396 2665 autea
2440 2629 2572 2668 vana

1495 2692 1733 2756 qua’dam
1790 2692 2043 2746 Poemata
2086 2699 2142 2742 et
2181 2693 2571 2757 Epigrammata

1497 2770 1689 2819 Graeca
1717 2768 1956 2817 solebant
1979 2769 2222 2826 condere,
2244 2769 2318 2816 illi
2330 2768 2440 2834 jam
2462 2784 2573 2818 om·

1496 2844 1581 2893 nia
1605 2850 1811 2893 tentant
1834 2844 2093 2894 sublimia.
2161 2845 2358 2906 Nugari
2387 2846 2569 2908 solitos,

1496 2920 1551 2970 id
1594 2925 1698 2983 est,-
1731 2920 1822 2984 qui
1867 2920 2056 2989 Graece
2098 2920 2335 2969 solebant
2388 2936 2567 2971 versus

1488 2997 1740 3062 ¹scribere.
1778 2997 2005 3047 Luhivuts.
2074 2996 2174 3046 Vel
2213 2978 2451 3062 inteiligit
2476 3014 2571 3063 pu-

1495 3073 1667 3128 erulos
1702 3077 1787 3125 vix
1812 3075 1980 3126 adhuc
2002 3075 2192 3139 primas
2216 3074 2416 3125 litteras
2450 3076 2573 3128 doc·

1496 3160 1598 3205 tos.
1664 3155 1742 3203 Ea
1765 3153 1898 3202 enim
1926 3159 2084 3202 aetate
2108 3152 2348 3214 Romani,
2384 3166 2572 3216 puero·

1495 3248 1609 3283 rum
1631 3232 1802 3283 studia
1824 3247 1854 3280 a
1880 3231 2077 3281 Graecis
2101 3225 2298 3284 litteris
2335 3232 2573 3295 auspica-

1494 3311 1702 3361 bantur.
1752 3309 2202 3367 Casauboa.——Nec,
2245 3309 2349 3373 ξω]
2412 3309 2571 3359 Pueri

1494 3394 1613 3437 cu‘m
1638 3387 1856 3452 primum
1881 3388 2144 3437 rhetorum
2180 3387 2416 3436 scholam
2437 3387 2572 3437 salu-

1496 3470 1755 3526 taverant,
1778 3463 1971 3525 egressi
1994 3477 2024 3511 e
2048 3463 2402 3512 Grammatico
2425 3463 2569 3526 ludo,

1492 3540 1811 3591 exercebant
1832 3541 2024 3603 stylum
2050 3540 2104 3588 in
2126 3539 2570 3603 descriptionibus

1486 3632 1558 3665 ac
1597 3616 1979 3665 narrationibus
2025 3616 2305 3665 historici&
2364 3616 2570 3668 Casaub.

1497 3692 1601 3745 Qui
1618 3707 1682 3741 ue
1700 3698 1900 3743 tantum
1919 3691 2127 3756 quidem
2146 3693 2202 3742 iu
2217 3700 2334 3741 arte
2348 3692 2571 3744 Poetica

1492 3767 1853 3834 profecerunt,
1892 3777 1951 3820 ut
1986 3770 2152 3818 lucum
2190 3776 2333 3819 reete
2370 3768 2570 3833 possint

1496 3846 1816 3908 describere,
1847 3853 1904 3895 et
1936 3861 2020 3895 rus
2044 3852 2295 3908 saturum,
2323 3853 2380 3895 et
2413 3847 2570 3897 uber-

1498 3929 1610 3974 tate
1634 3921 1897 3971 fructuum
1921 3936 2175 3971 amoenum
2197 3922 2425 3971 laudare.
2472 3921 2571 3974 Ar·
2615 3955 2620 3964 .

1494 3999 1649 4065 tifices
1678 4013 1853 4062 ponere
1885 4006 1983 4061 est,
2014 4013 2119 4047 non
2154 3998 2283 4047 satis
2324 3999 2472 4063 gnari
2514 3988 2576 4049 et'

1496 4076 1653 4141 periti
1671 4074 1899 4124 artifices
1916 4075 1981 4124 ad
2001 4075 2312 4139 ponendum.
2341 4075 2568 4126 Turneb-

1495 4167 1573 4201 1x.
1597 4152 1949 4214 31.—-Lucum]
1969 4152 2161 4202 Silvam
2178 4153 2406 4217 aliquam
2411 4167 2574 4212 amoeq

1497 4245 1618 4279 nam
1635 4235 1691 4280 et
1713 4228 2019 4292 iucaeduam,
2044 4228 2201 4280 alieni
2220 4227 2434 4279 Numini
2447 4241 2571 4279 con-

1498 4311 1774 4356 sectatam.
1813 4303 1986 4356 Lubias.

1389 4385 1528 4438 Pers.
2258 4381 2262 4386 ’
2386 4384 2440 4436 0
