3084 4934
834 418 1195 484 Momnus,
1244 421 1339 469 m·
1380 416 1794 471 sca-renum
1841 421 2168 470 cannas..
2385 436 2393 451 x
2513 403 2609 483 13

399 563 760 630 miscuerit:
804 563 923 631 sed
944 565 1021 628 in
1044 564 1200 648 ipsa
1218 564 1450 631 ironiae
1472 571 1706 631 natura
1728 566 1922 632 situm
1935 566 2069 641 hoc
2087 585 2237 631 esse
2258 565 2600 644 existimo,

395 673 470 733 ut
515 668 657 754 ejus
704 669 817 731 'vis
864 672 1007 732 tum
1050 666 1403 752 praecipua
1446 668 1558 746 sit,
1616 688 1770 734 cum
1819 671 2014 753 quasi
2065 669 2315 752 ambigi
2359 668 2605 753 possit,
2699 713 2702 716 >

395 775 619 835 utrum
648 771 820 834 serio
847 770 1097 836 dictum
1124 770 1239 849 sit,
1264 790 1390 836 nec
1416 790 1524 849 ne,
1555 771 1624 836 i'd
1655 771 1833 855 quod
1863 777 2000 837 tum
2022 772 2314 841 maxime
2337 771 2606 848 accidat

391 880 665 938 necesse
702 878 831 952 est,
855 894 1006 938 cum
1033 873 1146 952 iis,
1177 893 1329 957 quae
1358 872 1515 939 ficta
1555 879 1770 943 mente
1793 873 1973 943 dicta
2000 874 2158 951 sint,
2201 874 2373 941 serio
2403 873 2604 941 dictis

394 976 710 1051 distincta
733 976 1105 1042 videamus.
1189 975 1446 1041 Verum
1488 975 1619 1039 hac
1657 975 2071 1060 exquisitiori
2105 976 2345 1041 ironiae·
2368 996 2604 1058 genere

393 1097 724 1164 nunquam
752 1080 962 1144 utitur
989 1079 1262 1158 Noster,
1302 1098 1704 1164 semperque
1724 1079 1858 1171 fere
1884 1098 2023 1143 rem
2053 1079 2161 1144 vel
2186 1079 2358 1143 adeo
2388 1079 2604 1165 depri-

389 1182 514 1248 mit
531 1182 641 1247 vel
669 1188 1046 1266 exaggerat,
1074 1188 1153 1248 ut
1179 1183 1287 1249 vel
1312 1181 1806 1268 stupidissimus
1828 1187 2114 1249 mentem
2133 1202 2358 1249 veram
2381 1185 2597 1269 possit

391 1278 711 1349 divinare.
798 1283 985 1350 Raro
1008 1285 1209 1368 igitur
1256 1286 1322 1349 in
1360 1284 1488 1349 hoc
1533 1304 1768 1367 genere
1813 1286 2072 1370 pungit,
2125 1292 2245 1351 'aut
2295 1288 2609 1359 aculeum

392 1384 546 1451 alte
566 1387 636 1451 in
667 1386 958 1454 animum
999 1388 1302 1466 demittit,
1341 1387 1459 1453 sed
1500 1387 1572 1453 id
1598 1393 1853 1459 tantum
1879 1387 2099 1466 efficit,
2147 1393 2222 1454 ut
2248 1408 2354 1452 res
2371 1388 2604 1463 studio

392 1486 761 1577 deformata
787 1495 856 1555 et
879 1489 1156 1559 distorta
1192 1492 1395 1555 risum
1421 1497 1708 1556 moveat.

394 1638 401 1643 -
474 1591 522 1656 J
528 1611 636 1657 am
659 1592 742 1657 de
769 1593 1033 1660 dicendi
1058 1613 1314 1677 genere,
1358 1612 1490 1677 quo
1520 1593 1794 1659 Persius
1821 1612 1982 1659 usus
2005 1600 2131 1672 est,
2160 1612 2381 1678 pauca
2410 1595 2598 1663 diea-
2649 1616 2653 1623 ·

389 1711 563 1763 mus.
654 1693 814 1758 Non
834 1700 940 1760 est
963 1696 1130 1761 illud
1158 1696 1458 1774 hilarum,
1481 1694 1816 1779 jocosum,
1863 1695 2176 1776 facetum,
2217 1702 2286 1762 et
2333 1696 2600 1773 urbani-‚-

392 1802 533 1879 tate
559 1828 574 1841 =
587 1796 973 1881 salibusque
1037 1803 1492 1882 temperatum,
1553 1817 1688 1881 quo
1737 1797 2062 1865 Horatius
2111 1799 2388 1865 lectores
2455 1807 2606 1879 tane

390 1903 623 1983 tepere
665 1898 911 1967 detinet
952 1919 1037 1965 ac
1066 1899 1388 1978 delectat,
1435 1902 1553 1966 sed
1599 1901 1782 1967 triste
1832 1902 2237 1986 plerumque,
2293 1924 2598 1981 severum

390 1998 698 2080 mordax,
740 2003 1103 2081 acerbitate
1133 2009 1202 2073 et
1239 2005 1598 2069 acrimonia
1635 1998 1925 2089 plenum.
2032 2005 2192 2071 Non
2234 2005 2404 2079 ridet
2419 2052 2424 2059 -
2439 2006 2602 2079 ettil-

387 2106 626 2181 tinam,
651 2103 768 2168 sed
790 2105 1050 2188 flagello
1071 2107 1369 2190 increpat
1387 2106 1558 2170 -vitia
1581 2112 1647 2170 et
1676 2106 2165 2192 turpitudinem.
2249 2096 2601 2188 'Ingenium

386 2213 622 2277 nactus
649 2207 880 2281 forsan
918 2214 1156 2277 natura
1196 2209 1478 2286 tristius,
1505 2209 2004 2294 modestiusque
2034 2229 2077 2273 a
2107 2211 2499 2293 parentibus
2527 2213 2602 2281 in

389 2309 746 2387 solitudine
767 2332 959 2396 paene
989 2311 1336 2391 educatus,
1366 2311 1655 2379 Romam
1675 2313 1945 2398 (pridem
1967 2313 2085 2378 sed
2110 2313 2197 2377 ad
2224 2315 2603 2395 grammat&

391 2431 511 2501 pos
572 2419 639 2478 et
693 2413 984 2481 rhetores
1036 2415 1293 2481 delatus
1326 2422 1458 2495 est,
1511 2415 1750 2481 deinde
1784 2417 1852 2480 in
1880 2414 2301 2500 disciplinam
2325 2415 2602 2482 Cornuti

388 2516 591 2599 yenit.
706 2516 848 2582 Hic
887 2531 1245 2600 generosus
1274 2519 1389 2582 ille
1416 2519 1679 2587 animus
1717 2517 2000 2603 juvenili
2044 2516 2283 2582 ardore
2337 2517 2601 2597 Stoico-

388 2638 533 2683 rum
582 2625 925 2703 praecepta
990 2623 1316 2706 arripiens
1378 2642 1459 2689 e
1491 2621 1936 2707 praeceptoris
2003 2605 2441 2699 sermonibuS,
2487 2639 2600 2703 res

385 2719 727 2799 humanaS,
755 2741 891 2789 non
928 2727 1002 2792 ut
1030 2723 1183 2801 sint,
1224 2724 1343 2811 sed
1369 2731 1447 2789 ut
1466 2745 1620 2790 esse
1645 2724 1950 2801 debeant,
1983 2725 2330 2805 cognovit3
2376 2728 2600 2807 atque,

386 2827 460 2889 ut
485 2824 719 2902 solent,
749 2826 864 2908 qui
893 2828 1231 2892 erectioris
1279 2833 1351 2892 et
1394 2828 1784 2893 ardentioris
1832 2825 2075 2908 ingenii
2114 2830 2289 2903 sunt,
2319 2825 2598 2900 formam

386 2932 454 2991 et
480 2927 830 3009 imaginem
857 2928 1124 2997 illarum
1171 2936 1387 3009 mente
1434 2932 1765 3013 concepit,
1781 2928 1888 2995 ad
1934 2942 2136 3011 quam
2185 2925 2435 2998 deinde
2449 2945 2600 2992 oin-2

385 3028 525 3123 nia,
550 3048 702 3112 quae
736 3029 1034 3094 audisset
1062 3031 1452 3109 vidissetve,
1482 3031 1853 3114 exigebam:
1909 3029 2086 3108 Qiiae
2120 3050 2271 3094 cum
2299 3028 2599 3095 animad-

389 3132 692 3196 vertisset
722 3133 809 3197 ab
839 3133 954 3197 illa
981 3144 1215 3201 norma
1235 3134 1498 3217 longius
1514 3135 1837 3212 aberrare,
1855 3152 2069 3217 eaque
2088 3151 2271 3217 saepe
2289 3131 2596 3211 derideri,

387 3250 540 3320 quae
570 3235 704 3300 sibi
731 3241 924 3301 extra
951 3256 1209 3315 omnem
1250 3236 1685 3326 dubitationis
1730 3237 1946 3301 aleam
1976 3220 2203 3318 posita
2232 3253 2382 3298 esse
2415 3232 2596 3299 vide-

386 3343 629 3423 rentur,
658 3340 845 3420 gravi
872 3339 1329 3421 indignatione
1376 3355 1699 3404 accensus
1744 3342 1867 3403 est.
1958 3336 2140 3402 Haec
2177 3335 2410 3401 deinde
2441 3354 2595 3399 cum

387 3439 745 3522 premenda
792 3446 995 3519 esset,
1038 3442 1288 3525 vilique
1336 3446 1483 3506 tuto
1527 3443 1696 3505 inter
1752 3439 2307 3505 familiarissimos
2365 3442 2599 3521 posset

385 3540 659 3621 effundi,
706 3563 838 3607 non
878 3543 1093 3607 solum
1140 3544 1545 3611 vehementer
1590 3547 1793 3606 ancta
1839 3549 1964 3619 est,
2009 3560 2239 3605 verum⁴
2282 3541 2486 3603 etiam
2525 3539 2595 3605 in

387 3644 812 3735 acerbitatem
843 3651 911 3710 et
941 3647 1374 3710 acrimoniam
1406 3646 1592 3708 abiit.
1683 3642 1858 3725 Quae
1890 3631 2218 3708 acerbitas
2250 3634 2596 3726 praecipue

387 3765 467 3815 se
517 3752 771 3813 exeruit
815 3751 881 3813 in
922 3744 1384 3815 sententiarum
1413 3746 2067 3823 conformationibus,
2093 3746 2159 3809 in
2190 3744 2401 3827 tropis
2419 3736 2596 3827 figu-

385 3848 602 3934 risque
630 3850 1015 3934 deligendi8‚
1046 3853 1116 3917 in
1147 3852 1385 3934 quibus
1432 3858 1727 3925 extrema
1775 3869 2057 3932 semper,
2087 3867 2239 3930 quae
2271 3845 2594 3910 sermonis

384 3952 555 4027 ratio
602 3953 1001 4038 suppeditet,
1051 3955 1368 4039 sequitur,
1419 3973 1540 4018 nec
1589 3953 1794 4017 semel
1844 3950 1951 4016 vel
1998 3969 2253 4013 omnem
2301 3967 2498 4012 usum
2533 3952 2599 4012 et

275 4060 284 4071 '
388 4055 944 4134 consuemdinem,
969 4062 1042 4122 ut
1069 4059 1263 4122 nobis
1293 4057 1565 4141 quidem
1585 4048 1878 4131 videtur}
1907 4055 2165 4138 migrat,
2207 4056 2282 4114 ut
2307 4070 2410 4128 ea,
2441 4067 2615 4134 quae·

385 4166 739 4242 proponat,
768 4159 1230 4257 indignationis
1258 4159 1686 4227 vehementiae
1713 4134 2171 4247 respondeant.
2256 4227 2260 4233 ,
2395 4198 2398 4203 -

388 4260 659 4334 Hinc
681 4274 921 4346 magna
946 4282 1034 4329 ex
1061 4268 1251 4347 parte
1293 4262 1476 4329 aliud
1520 4260 1768 4335 vitium
1801 4260 2014 4325 ortum
2051 4260 2172 4339 est,
2205 4275 2342 4342 quo
2376 4255 2596 4335 Persii
