3084 4934
1214 408 1491 471 esrum
1538 422 1644 472 w.

329 564 604 633 caecum
628 566 868 632 vulnus
892 564 1134 631 haboe:
1179 563 1298 629 sed
1322 544 1465 630 lat'o
1492 564 1755 630 balteus
1782 582 1946 629 auro

328 667 684 752 Praetegit:
729 673 803 733 ut
830 667 1070 746 maviS,
1101 665 1192 732 da
1216 668 1442 745 verba,
1473 674 1544 733 et
1569 666 1807 753 decipe
1835 686 2096 748 nervos»,

740 775 758 804 ‘
784 769 1136 854 Egregium
1164 789 1317 834 cum
1344 788 1448 834 me
1478 769 1726 834 vicinia
1755 769 1957 849 dicat,

939 873 1135 954 Viso,
1181 874 1242 938 si
1269 873 1503 958 palleS,
1531 873 1855 958 improbe,
1881 892 2189 956 nummo;

328 769 403 836 Si
431 775 650 855 potes,

329 873 491 940 Non
518 874 787 940 credam
802 872 853 940 ‘l’

282 1108 285 1111 -
310 1071 591 1134 «objicim-
665 1071 783 1123 Vt‘ta
800 1072 885 1121 hoc
906 1074 1040 1122 modo
1058 1066 1351 1122 traducitur.‘
1413 1073 1494 1123 Itu
1514 1072 1703 1125 ximus.
1770 1073 1870 1123 Sub
1907 1073 2051 1123 ilibus
2082 1075 2199 1138 plag

322 1139 475 1203 geris,
493 1139 576 1187 sed
597 1151 711 1186 eam
732 1153 812 1188 coo

808 1137 936 1201 perit
957 1138 1137 1188 balteus
1155 1152 1269 1187 aare
1290 1139 1460 1202 amplo.
1527 1132 1668 1188 Sicu}
1694 1139 1864 1188 melias
1882 1139 2096 1200 duxeris,
2126 1139 2137 1151 ’

2118 1153 2322 1203 tmpm,
2342 1143 2391 1187 et
2412 1134 2537 1201 falb

328 1204 470 1269 cirea,
484 1204 732 1253 dumo
745 1203 797 1253 id
815 1217 972 1267 queas.
1030 1202 1239 1254 Atenim
1255 1206 1440 1267 quando
1458 1203 1606 1253 vicini
1617 1218 1691 1253 nte
1699 1205 1982 1268 preclaram
1992 1203 2277 1270 pradicant,
2289 1201 2537 1269 numquid

1328 1408 1544 1462 No'rAE

330 1541 604 1593 habemus:
634 1541 746 1607 jam
765 1546 818 1593 te
841 1542 982 1596 intus
1005 1548 1060 1593 et
1082 1541 1134 1592 in
1160 1547 1283 1592 cute
1307 1556 1391 1593 no·

328 1634 517 1668 vimus.

395 1695 517 1760 Ilia]
570 1695 655 1745 Ab
669 1697 770 1746 ileo
783 1695 1028 1746 intestino
1045 1696 1135 1747 itia
1151 1695 1395 1746 dicuntur

331 1786 447 1822 ossa
477 1771 581 1822 duo
615 1773 770 1821 imum
799 1779 1033 1823 ventrem
1056 1773 1173 1822 binc
1194 1778 1250 1823 et
1271 1773 1395 1823 inde

330 1848 628 1899 attinentia.
697 1848 793 1898 His
831 1849 988 1899 etiam
1022 1847 1197 1900 affines
1222 1855 1397 1913 partes

314 1925 594 1991 ‘utrimque
619 1925 854 1974 laterales
873 1925 1010 1974 iliam
1032 1925 1234 1975 nomine
1257 1939 1398 1991 saepe

331 1996 711 2065 intelliguntur.
793 2001 1059 2052 Hicffvero
1103 2016 1198 2067 per
1235 2010 1398 2065 meta-

333 2078 567 2143 phoram,
587 2078 675 2129 uia
697 2076 990 2145 significant
1013 2079 1221 2129 intimos
1242 2079 1398 2129 animi

335 2168 587 2205 recessus.

334 2252 339 2257 ·
396 2235 463 2281 44
500 2234 688 2282 Coecsum
717 2233 884 2283 vulnus
918 2232 1081 2296 habes]
1148 2232 1398 2283 Conscius

335 2308 433 2359 tibi
454 2322 512 2359 es
534 2311 809 2359 multarum
831 2309 1129 2372 libidinum,
1153 2310 1397 2375 plurium-

336 2400 438 2451 que
459 2387 712 2436 scelerum
730 2386 865 2436 clam
886 2392 1320 2451 perpetratorum.

361 2525 365 2529 ,
402 2463 501 2512 Sed
521 2464 620 2512 lato
629 2463 808 2513 balteus
824 2478 940 2512 auro
955 2462 1207 2527 proetegit]
1253 2463 1399 2512 Sum·

334 2555 451 2590 mus
505 2539 686 2590 Romae
729 2540 1064 2603 Principatus
1119 2540 1287 2603 legum
1344 2544 1399 2589 te

339 2623 486 2666 metu
506 2616 707 2677 eximit,
729 2629 894 2680 eoque
928 2623 980 2664 te
1004 2613 1069 2664 ad
1093 2627 1244 2665 omne
1274 2612 1401 2665 faci-

339 2706 434 2742 nus
476 2691 804 2743 audaciorem
846 2689 994 2741 facit.
1079 2691 1315 2742 Allusum
1335 2692 1401 2741 ad

340 2769 765 2819 consuetudinem
804 2767 1158 2818 Gladiatorum
1195 2768 1285 2833 qui
1319 2783 1403 2818 ac-

344 2854 554 2911 ceptum
576 2846 628 2895 iu
647 2860 806 2896 arena
823 2847 1008 2897 vulnus
1032 2854 1211 2910 tegere
1230 2847 1404 2896 balteo

338 2916 659 2985 nitebantur,
713 2931 770 2975 et
821 2928 1176 2989 spectatoru'm
1228 2924 1407 2974 oculos

343 3000 543 3051 fallere.
603 3002 690 3051 lta
707 3010 908 3051 veteres
926 3001 1149 3051 Glossae.
1216 3002 1405 3064 Neque

343 3079 640 3129 dissentiam
669 3095 700 3129 a
720 3080 1044 3139 casaubono,
1082 3076 1171 3141 qui
1209 3076 1406 3139 pariter

341 3156 455 3206 vult
480 3155 710 3205 Persium
742 3154 981 3204 babuisse
1003 3153 1057 3202 in
1080 3152 1249 3201 animo
1271 3153 1404 3201 ictus

343 3237 399 3282 et
423 3233 639 3282 vulnera
670 3232 868 3282 Neroni
890 3227 1089 3280 inflicta
1111 3243 1203 3294 per
1225 3230 1401 3278 urbem

342 3314 504 3358 noctu
528 3308 826 3372 petulanter
841 3307 1069 3370 vaganti,
1093 3312 1150 3356 ut
1167 3306 1245 3355 est
1267 3304 1405 3370 apud

343 3387 557 3436 Sueten.
581 3399 631 3434 c.
652 3389 736 3435 26.
762 3392 819 3434 et
839 3384 1081 3434 Tacitum
1106 3382 1294 3432 Annal.
1313 3382 1403 3432 lib.

346 3475 472 3512 xm.
490 3462 624 3512 adeo
641 3467 700 3511 ut
711 3461 981 3511 cicatrices
996 3461 1156 3510 etiam
1174 3474 1264 3509 ore
1278 3474 1408 3524 prae-

349 3539 549 3589 tulerit.
1182 3572 1187 3575 -
1372 3572 1377 3575 -

413 3617 535 3667 Lato
576 3616 754 3666 balteus
791 3615 930 3679 caro]
1003 3615 1201 3664 Balteus
1231 3615 1410 3680 cingu-

344 3698 454 3747 lum
474 3701 557 3746 est
576 3696 801 3745 militare
822 3710 851 3744 e
873 3695 1014 3744 corio
1035 3694 1242 3753 bubulo,
1260 3709 1290 3744 e
1306 3709 1410 3759 quo

347 3787 492 3824 arum
533 3772 847 3837 dependent.
914 3771 1278 3835 Metapllorice
1322 3786 1414 3834 po-

349 3851 492 3901 nitur
515 3864 608 3915 pro
630 3850 889 3913 dignitate
909 3856 967 3900 et
989 3849 1239 3914 potentia.
1295 3849 1414 3903 Lati

353 3936 499 3979 certe
540 3937 693 3977 erant
736 3927 996 3977 veteribus
1041 3927 1228 3987 baltei;
1285 3941 1412 3990 quos

351 4016 570 4071 argento
603 4008 823 4054 decoros
869 4005 1014 4053 aiunt
1058 4001 1215 4054 fuisse
1254 4004 1411 4052 etiam

352 4084 630 4149 gregariis:
667 4084 846 4132 Duces
864 4088 1036 4131 autem
1060 4090 1116 4132 et
1144 4082 1413 4145 Principes

351 4161 514 4212 multo
535 4159 818 4225 gestabant
851 4173 995 4222 auro,
1029 4158 1303 4223 multisque
1326 4172 1415 4207 au·

351 4238 453 4287 reis
474 4235 629 4287 bullis
651 4235 930 4286 distinctos
943 4250 1006 4286 ac
1025 4233 1414 4300 praefulgentes.

350 4315 539 4383 virgil.
586 4313 784 4365 AEneid.
807 4319 860 4366 5.
924 4312 1092 4367 ‘Lato
1126 4327 1281 4383 quam
1312 4312 1411 4363 cir-

1474 1557 1591 1592 cum
1633 1543 1971 1610 amplectitur
1994 1555 2121 1593 auro
2151 1538 2405 1592 Balteus?
2469 1539 2542 1590 Et

1473 1620 1678 1671 AEneid.
1704 1625 1783 1671 12.
1845 1621 2092 1671 ‘Balteus
2116 1628 2172 1669 et
2209 1618 2343 1668 notis
2384 1615 2540 1666 fulse-

1473 1704 1596 1748 runt
1633 1698 1843 1763 cingula
1877 1698 2031 1748 bullis
2064 1695 2322 1745 Pallantis
2355 1692 2540 1759 pueri.’

1476 1774 1615 1824 Vide
1640 1773 1794 1825 Alex.
1816 1774 1881 1824 ab
1904 1771 2056 1823 Alex.
2078 1772 2169 1821 lib.
2194 1785 2256 1820 n.
2278 1786 2398 1836 cap.
2422 1774 2509 1820 29.

1539 1855 1603 1902 45
1644 1852 1712 1902 Ue
1726 1849 2147 1914 mavis‚daverbu]
2181 1850 2319 1912 Ergo
2333 1848 2541 1912 impone

1477 1927 1613 1991 aliis,
1633 1935 1881 1994 quantum
1917 1927 2147 1987 libuerit,
2191 1925 2291 1974 imo
2329 1930 2387 1973 et
2423 1922 2541 1973 tibi.

1476 2005 1558 2054 Te
1607 2019 1787 2055 sanum
1837 2013 1892 2055 et
1944 2003 2010 2053 ad
2062 2002 2231 2053 omnia
2278 2000 2543 2050 valentem

1479 2081 1659 2146 crede,
1696 2088 1752 2130 et
1780 2082 1948 2146 jacta:
1985 2079 2308 2144 adjuvabunt
2328 2091 2430 2126 non
2454 2086 2543 2140 pa-

1481 2171 1594 2206 rum
1618 2157 1929 2208 adulatores.
1998 2156 2181 2206 Horat.
2214 2153 2309 2205 lib.
2334 2168 2374 2204 ι.
2398 2153 2543 2203 satir.

1477 2239 1529 2284 4.
1594 2234 1704 2284 ‘Ut
1724 2234 1887 2283 mavis
1909 2232 2145 2283 imitare?
2515 2252 2520 2258 ·

1544 2311 1723 2375 Decipe
1744 2325 1927 2372 neruos,
1942 2310 1987 2358 si
2002 2309 2158 2373 potes]
2212 2307 2368 2356 Vires
2386 2305 2547 2355 etiam

1460 2394 1598 2438 ,tuas
1629 2388 1859 2454 Imperio
1898 2384 2115 2436 ferendo
2150 2399 2303 2449 pares
2326 2383 2545 2442 aestima,

1480 2464 1525 2514 si
1544 2471 1717 2514 tamen
1737 2471 1887 2528 potes
1912 2462 2149 2513 ultricem
2177 2459 2547 2513 conscientiam

1479 2541 1685 2607 fallere,
1721 2541 1990 2605 indignum
2034 2546 2086 2589 te
2127 2536 2433 2602 Principatu
2460 2535 2550 2586 ob·

1471 2619 1779 2684 jectantem.
1846 2619 1986 2668 Cave
2007 2630 2074 2665 ne
2110 2613 2326 2665 imiteris
2349 2626 2438 2662 eos
2459 2610 2549 2676 qui

1481 2698 1639 2747 nimio
1662 2704 1790 2762 potu
1825 2711 1885 2746 ac
1923 2696 2127 2745 Venere
2148 2696 2443 2744 contractos
2467 2702 2548 2740 at·-

1482 2774 1730 2824 ticulares
1749 2772 1953 2822 morbos
1971 2770 2072 2821 etsi
2091 2768 2426 2829 dissimulant,
2438 2779 2551 2815 ner-

1484 2864 1662 2898 vorum
1687 2847 2199 2899 tamenuebilitatem
2223 2843 2472 2906 sentiunt,
2493 2847 2550 2892 et

1483 2928 1714 2978 dolorem
1760 2928 2043 2990 patiuntur.
2141 2924 2329 2974 Horat.
2375 2920 2466 2971 lib.
2510 2933 2550 2970 1.

1483 3006 1639 3069 epist.
1666 3010 1745 3055 16.
1811 3008 1827 3032 ⁸
1847 3004 1966 3054 Neu
1989 3003 2031 3051 si
2054 3008 2106 3052 te
2130 3001 2349 3065 populus
2370 3013 2551 3049 sanum

1484 3087 1733 3146 recteque
1756 3080 2011 3130 valentem
2028 3080 2277 3140 Dictitet,
2294 3077 2552 3128 occultam

1484 3157 1683 3207 febrem
1699 3158 1795 3206 sub
1809 3163 2012 3220 tempus
2025 3154 2215 3206 edendi
2227 3153 2552 3217 Dissimules,

1485 3235 1652 3285 donee
1695 3234 1928 3284 manibus
1968 3246 2105 3281 mors
2134 3230 2332 3281 incidat
2364 3229 2553 3279 unctis.

1484 3311 1773 3361 Stultorum
1811 3310 2048 3360 incurata
2079 3307 2250 3373 pudor
2285 3307 2449 3357 malus
2483 3306 2557 3355 ul-

1486 3403 1609 3439 cera
1630 3387 1801 3439 celat!
2517 3396 2524 3407 ⁴

1545 3470 1618 3516 16
1652 3465 1916 3528 Egregium
1948 3478 2053 3513 cam
2088 3477 2163 3512 me
2194 3460 2371 3511 vicinia
2407 3461 2555 3523 dicut,

1487 3543 1592 3607 &eij
1637 3539 1949 3605 Respondet
1970 3538 2291 3601 Alcibiades,
2309 3542 2400 3586 aut
2410 3537 2555 3587 Nero

1489 3621 1737 3670 adversus
1783 3619 2192 3683 objurgantemz.
2233 3613 2398 3680 Atqui
2450 3629 2555 3664 non

1490 3713 1590 3763 ego
1630 3712 1714 3747 me
1759 3710 1890 3745 unus
1935 3695 2126 3745 bonum
2162 3707 2223 3742 ac
2265 3690 2555 3754 sapientem

1492 3776 1640 3827 dico:
1676 3788 1740 3823 en
1756 3772 1912 3821 vicini
1927 3777 1982 3821 et
1995 3770 2081 3820 alii
2096 3771 2233 3818 ultro
2248 3767 2557 3832 praedicant.

1492 3852 1600 3903 Cur
1618 3865 1719 3900 non
1741 3848 1984 3899 credam?
2019 3847 2089 3897 Et
2112 3858 2268 3910 quare
2287 3853 2558 3907 suspectos

1492 3928 1693 3978 habebo
1727 3935 1834 3975 tam
1870 3925 2001 3974 bene
2033 3923 2100 3973 de
2124 3936 2203 3971 me
2219 3920 2557 3985 judicantes?

1496 4005 1685 4053 Horat.
1726 4004 1841 4051 loeo
1881 4015 1998 4048 mox
2039 3999 2231 4047 citato:
2283 4002 2339 4046 et
2376 3996 2468 4045 lib.
2492 4009 2559 4046 n.

1493 4081 1651 4132 Satir.
1674 4088 1723 4131 5.
1788 4080 1805 4107 ‘
1825 4077 2049 4142 Egregie
2070 4072 2267 4124 factum
2288 4072 2467 4121 laudet
2489 4071 2561 4121 vi-

1496 4162 1656 4209 cinia?
2479 4164 2486 4169 ·

1559 4239 1622 4285 4⁷
1664 4234 1773 4285 Viso
1815 4234 1860 4282 si
1893 4231 2058 4296 palles,
2094 4226 2201 4291 ζα]
2275 4225 2561 4288 Redarguit

1492 4306 1835 4380 Philosophus
1849 4315 1940 4362 aut
1949 4307 2424 4360 PersiusNerouem
2440 4320 2453 4353 2
2479 4303 2561 4355 Aa
