3084 4934
556 399 695 470 lvo

1328 416 1400 466 A.
1446 415 1693 469 PBRSH
1740 414 2008 469 PLAOCI

561 560 741 628 Haec
769 562 983 629 cinere
1008 558 1278 629 ulterior
1301 565 1562 627 metuas
1577 559 1611 626 Ἰ
1658 565 1851 642 atta,
1877 580 2066 628 meus
2093 560 2308 628 haeres

560 660 886 750 Quisquis
911 665 1067 744 eriS,
1096 663 1370 748 paulum
1397 681 1441 728 a
1466 665 1659 729 turba
1685 663 2026 730 seductior·
2046 663 2227 729 audi.

560 762 625 834 Ο
652 766 850 845 boue,
878 787 1034 832 num
1062 766 1371 851 ignoras?
1414 767 1629 834 missa
1654 771 1758 832 est
1786 785 1830 831 a
1858 764 2130 834 Caesare
2152 765 2378 832 laurus

559 954 922 1012 nitrosis-eres?
958 958 1326 1024 numqaum:

1560 973 1673 1009 urus
1701 957 2771 1023 eammhaereae‚toetn·operreomuaplebe,

542 1023 791 1078 ὀισσιιῑΐιι.
859 1024 907 1075 0
927 1023 1043 1076 bone
1064 1025 1162 1091 vir,
1180 1040 1244 1076 ιιι
1189 958 1568 1076 illusum
1573 1021 1599 1076 ’.ἲ
1632 1026 1902 1089 Imperator
1935 1024 2068 1110 arisit
2088 1025 2273 1074 laurum
2292 1022 2350 1073 ob
2369 1027 2585 1102 stragem
2604 1039 2772 1074 memo·

1485 1176 1542 1198 ‘O
1517 1177 1605 1198 OOC
1606 1175 1843 1199 ‘OOmOO

1512 1280 1579 1328 43
1619 1277 1727 1328 Una
1748 1278 1816 1329 Β.

1563 1451 1779 1503 NOTAE
2021 1463 2051 1492 ³

560 1576 783 1629 miscere
803 1573 941 1641 pulti
961 1580 1235 1642 coeperunt
1261 1575 1487 1643 adipem,
1507 1583 1632 1627 ante

560 1650 962 1719 simplicioribus
1020 1652 1256 1703 contenti
1293 1653 1440 1704 cibis.
1504 1654 1630 1705 Juv.

559 1727 674 1780 Sat.
698 1742 777 1780 xl.
797 1743 874 1779 vs.
901 1733 983 1779 79.
1050 1730 1066 1758 ‘
1090 1729 1215 1793 Ipse
1235 1728 1370 1780 focis
1390 1729 1631 1780 brevibus

560 1804 791 1870 ponebat
825 1807 1069 1870 oluscula,
1100 1822 1216 1872 qnae
1237 1816 1375 1857 nunc
1408 1808 1630 1873 Squalli-

561 1880 660 1933 dus
699 1884 753 1933 in
791 1897 978 1948 magna
1010 1882 1216 1934 fastidit
1249 1885 1504 1950 compede
1523 1884 1629 1935 fos-

562 1958 685 2010 sor?

633 2035 879 2101 Unguine]
918 2038 1140 2102 Ungues,
1170 2040 1413 2101 unctura,‘
1449 2038 1629 2090 condi·

561 2118 812 2166 mentum.
845 2116 860 2142 ‘
884 2115 1064 2164 Solent
1096 2113 1293 2179 rustici,
1316 2129 1434 2165 cum
1455 2117 1628 2167 oleum

559 2189 807 2255 defuerit,
839 2191 1097 2256 pecudum
1133 2192 1288 2257 adipe
1331 2192 1385 2241 iu
1427 2194 1628 2258 pultem

560 2272 739 2335 misso,
777 2287 872 2338 pro
916 2274 1031 2323 oleo
1073 2271 1149 2324 uti
1165 2272 1198 2337 ς’
1253 2273 1425 2338 inquit
1472 2279 1625 2324 vetus

561 2347 766 2399 Glossa.

624 2425 815 2491 Paltos]
847 2426 1005 2477 Cibus
1042 2433 1158 2477 erat
1191 2428 1571 2480 vetustissimus
1598 2443 1628 2479 e

560 2500 729 2552 farina
750 2508 807 2552 et
827 2518 992 2567 aqua3
1026 2504 1287 2555 interdum
1304 2512 1362 2557 et
1378 2520 1445 2555 ex
1461 2520 1630 2570 caseo,

560 2577 735 2640 melle,
768 2584 824 2629 et
856 2579 968 2628 ovis
1004 2579 1261 2633 decoctis.
1296 2583 1542 2632 Romanis
1576 2598 1630 2632 o·

548 2654 655 2720 *lim
677 2670 772 2720 pro
797 2671 929 2721 pane
962 2657 1065 2708 fuit
1095 2660 1238 2723 puls:
1289 2660 1427 2711 Plin.
1461 2674 1631 2712 xvm.

559 2735 610 2782 8.
653 2739 709 2782 et
748 2734 923 2784 valer.
975 2735 1195 2785 Maxim.
1235 2750 1299 2786 11.
1341 2741 1389 2787 5.
1455 2736 1630 2787 Pultis

559 2815 735 2858 antem
757 2803 925 2874 paulo?
938 2811 1155 2862 diversas
1176 2813 1412 2864 meminit
1432 2803 1629 2865 Athen.

542 2898 681 2944 ‚xum
714 2890 795 2937 15.
835 2894 891 2938 et
925 2892 1004 2939 16.
1073 2889 1408 2940 Casaubonus
1442 2888 1507 2940 ad
1530 2891 1630 2941 hoc

561 2977 611 3014 c.
635 2969 715 3014 15.
748 2964 940 3016 Athen.
960 2967 1123 3017 multa
1145 2981 1236 3016 suo
1257 2982 1400 3017 more
1424 2967 1633 3031 profert

561 3040 844 3092 reconditae
883 3041 1220 3103 eruditionis;
1271 3047 1328 3093 et
1352 3042 1631 3093 discrimen

559 3117 711 3180 ponit
727 3117 863 3167 inter
881 3116 1066 3167 πόλτον
1086 3117 1392 3169 Graecornm
1410 3134 1441 3169 e
1460 3119 1633 3171 farina

554 3183 781 3243 Tabacea
812 3197 1033 3257 tantum,
1057 3201 1115 3245 et
1136 3194 1487 3245 Romanorum
1521 3196 1634 3260 pul-

540 3274 687 3344 tem,
709 3285 861 3335 qnam
896 3270 1098 3321 Graecis
1132 3272 1367 3336 ignotam
1384 3269 1542 3322 fuisse
1565 3288 1634 3324 ex

562 3347 738 3398 Plinio
763 3348 1002 3414 affirmat,
1024 3357 1077 3400 et
1112 3353 1197 3401 cui
1221 3353 1381 3403 multa
1402 3353 1506 3403 alia
1540 3354 1632 3405 ad-

559 3425 928 3476 miscebantur.

626 3507 692 3566 41
732 3503 852 3552 Haec
869 3518 1026 3567 cinere
1066 3505 1269 3556 ulterior
1298 3508 1501 3572 muas]
1542 3508 1632 3559 In-

542 3579 737 3644 ‘surgit
787 3579 840 3629 in
893 3594 1104 3631 avarum
1157 3583 1355 3633 Poeta:
1425 3585 1633 3635 scilicet

563 3656 715 3722 times
731 3672 847 3722 quae
871 3655 967 3707 tibi
991 3665 1194 3710 mortuo
1216 3667 1340 3710 sunt
1360 3667 1632 3712 eventura.

564 3732 614 3783 Ο
641 3734 850 3795 stultus,
876 3734 963 3798 qui
986 3741 1104 3798 post
1125 3742 1343 3786 mortem
1370 3737 1634 3787 haeredem

563 3811 778 3862 metuis!
814 3811 1004 3877 Horat.
1037 3812 1152 3861 loco
1174 3818 1298 3863 ante
1320 3813 1408 3864 cit.
1474 3814 1491 3841 ‘
1515 3816 1633 3867 Nec

564 3895 790 3937 metuam
815 3887 942 3952 quid
982 3887 1047 3937 de
1081 3903 1165 3938 me
1195 3888 1403 3953 judicet
1433 3889 1636 3954 baeres,'

564 3964 667 4012 διο.
698 3964 887 4027 Virgil.
908 3963 1026 4014 AEn.
1049 3979 1112 4014 ιι.
1163 3967 1179 3994 ‘
1208 3965 1397 4017 Facilis
1422 3967 1637 4032 jactura

563 4039 789 4102 sepulcri
813 4043 926 4090 est.’

635 4116 832 4182 Cinere]
880 4118 1093 4169 Cineres
1142 4119 1289 4183 dicit,
1325 4119 1445 4185 quia
1483 4120 1636 4170 cada-

517 4262 521 4267 .
570 4206 698 4243 vera
733 4194 1189 4262 comburebantur,
1209 4203 1269 4248 ut
1291 4203 1415 4249 ante
1437 4198 1636 4249 dictum

566 4276 669 4322 est.

1775 1580 1846 1628 At
1867 1582 1943 1642 tu,
1963 1592 2095 1629 meus
2107 1576 2279 1642 heres]
2331 1574 2401 1628 Αι
2424 1590 2523 1642 ego
2545 1590 2650 1627 non
2673 1590 2774 1627 me-

1712 1659 1803 1705 tuo
1820 1654 2041 1706 haeredis
2063 1655 2246 1718 minas,
2263 1652 2389 1719 quin
2420 1654 2498 1703 illi
2521 1652 2621 1720 ipsi
2642 1652 2775 1704 occi-

1709 1746 1779 1784 no
1794 1739 1991 1784 sumtus
2007 1748 2039 1783 a
2059 1748 2143 1783 me
2166 1730 2451 1784 faciendos.

1773 1813 1841 1859 42
1871 1809 2076 1859 Paulum
2097 1824 2129 1858 a
2158 1806 2301 1859 turbu
2331 1807 2587 1872 seductior]
2621 1808 2779 1858 Post·

1707 1885 1891 1951 positis
1913 1892 1970 1937 et
1989 1885 2249 1950 neglectis
2263 1886 2411 1949 vulgi
2426 1884 2777 1949 opinionibus,

1705 1961 2020 2027 ignorantia,
2040 1960 2179 2013 odio.
2211 1960 2360 2011 Pers.
2380 1962 2494 2010 Sat.
2514 1975 2569 2009 v.
2592 1975 2672 2012 vs.
2693 1964 2777 2011 96.

1708 2038 1725 2067 ‘
1750 2040 2017 2089 Secretam
2038 2038 2223 2105 gannit
2242 2037 2295 2088 in
2313 2036 2527 2090 aurem.’
2617 2053 2625 2062 ·

1772 2119 1837 2166 48
1875 2116 1923 2165 0
1945 2116 2078 2179 bone,
2097 2130 2211 2165 mun
2228 2112 2447 2178 immas]
2477 2111 2698 2166 Adeone
2721 2127 2776 2163 es

1707 2190 1977 2257 imperitus
1997 2206 2191 2254 rerum,
2206 2200 2265 2242 ut
2283 2190 2490 2256 ignores
2509 2204 2626 2254 quae
2650 2190 2777 2254 pub·

1706 2269 1809 2320 lice
1821 2270 2128 2334 jactantur?
2176 2267 2363 2319 Nescis
2384 2266 2577 2317 nemini
2618 2267 2780 2318 licere

1706 2362 1811 2398 non
1832 2361 1945 2398 esse
1966 2345 2235 2396 liberalem
2256 2346 2309 2396 in
2328 2344 2518 2395 laetitia
2552 2358 2779 2394 commu·

1706 2424 1782 2489 ni,
1804 2431 1860 2476 et
1880 2424 2102 2490 jubente
2123 2420 2527 2473 munificentiam
2547 2419 2782 2485 Impera·

1710 2502 1858 2554 tore?

1776 2580 1935 2629 Missa
1968 2584 2038 2629 est
2067 2594 2099 2628 a
2134 2580 2323 2629 Caesare
2360 2573 2548 2638 laum]
2577 2574 2778 2626 Nescis

1711 2655 1895 2708 Caium
1933 2655 2219 2721 Caligulam
2269 2654 2470 2704 misisse
2509 2652 2577 2703 ad
2616 2653 2669 2703 S.
2714 2652 2779 2701 P.

1713 2734 1781 2785 Q.
1805 2734 1871 2783 R.
1894 2732 2076 2782 literas
2097 2732 2244 2801 lauro
2266 2735 2537 2782 coronatas
2560 2734 2618 2779 et
2637 2727 2781 2778 vinc-

1711 2815 1792 2859 tas
1813 2808 1907 2875 (ex
1945 2806 2111 2873 more)
2135 2813 2192 2858 et
2219 2806 2535 2869 triumphum
2564 2804 2781 2869 jussisse

1713 2886 1904 2952 parari,
1946 2885 2084 2952 quod
2141 2886 2431 2935 Germanos
2486 2880 2781 2944 debellarit,

1712 2971 1871 3030 atque
1892 2964 1947 3014 in
1966 2962 2193 3013 omnium
2217 2962 2350 3011 bona
2377 2961 2469 3024 jus
2503 2959 2571 3009 ab
2607 2973 2671 3008 eo
2695 2958 2781 3008 da-

1711 3047 1823 3091 tum
1860 3040 1965 3091 suis
2004 3036 2446 3105 procuratoribus,
2469 3041 2527 3085 ut
2559 3033 2639 3085 ait
2660 3035 2781 3098 Sue·

1713 3124 1822 3169 ton.
1847 3119 1963 3168 loco
1979 3131 2100 3167 mox
2122 3114 2351 3166 citando.

1782 3193 1993 3259 Caesoere]
2038 3192 2090 3244 A
2111 3193 2147 3244 J
2151 3191 2241 3242 ulii
2279 3189 2500 3241 Caesaris
2540 3187 2784 3253 tempori·

1699 3271 1809 3340 ‚bus
1849 3285 2025 3322 omnes
2057 3270 2424 3334 Imperatores
2435 3267 2674 3318 Caesares
2696 3281 2785 3331 ap·

1711 3350 1914 3415 pellati.
2637 3379 2644 3386 -

1776 3429 1989 3493 Laurus]
2008 3427 2199 3478 Literae
2223 3427 2491 3487 laureata,
2511 3423 2577 3474 de
2595 3422 2783 3489 quibus

1712 3506 1851 3557 sicut
1890 3512 1947 3556 et
1990 3505 2057 3555 de
2101 3506 2247 3554 lauro
2309 3501 2541 3553 victoriae
2593 3500 2786 3563 indice,

1712 3582 1853 3633 Plin.
1877 3596 1971 3633 xv.
1995 3586 2078 3632 8⁰.
2112 3581 2221 3631 Tit.
2246 3580 2358 3631 Liv.
2385 3580 2419 3628 Ι.
2444 3594 2496 3630 v.
2520 3577 2783 3630 A'mmian.

1713 3661 1949 3710 Marcell.
1972 3661 2006 3708 1.
2026 3671 2123 3709 xv.
2172 3657 2401 3707 Martial.
2437 3655 2588 3720 Epig.
2610 3668 2712 3714 vn.
2734 3657 2787 3703 4.

1713 3742 1761 3787 5.
1785 3740 1833 3787 7.
1855 3744 1912 3786 et
1934 3735 2073 3786 alibi.
2127 3736 2261 3784 Mos
2279 3740 2397 3785 erat
2420 3733 2564 3793 olim,
2584 3737 2644 3782 ut
2661 3745 2787 3798 quo-

1711 3813 1815 3863 ties
1853 3813 2042 3878 insigni
2079 3812 2294 3863 victoria
2335 3812 2588 3863 Consules
2626 3809 2785 3875 potiti

1714 3896 1905 3951 essent,
1942 3890 2010 3940 ob
2051 3904 2134 3939 res
2174 3904 2432 3953 prospere*
2460 3887 2789 3951 gestas,·lau·

1717 3967 1876 4017 reatis
1915 3964 2144 4017 fascibus
2191 3959 2418 4031 praelatis
2445 3963 2786 4015 incederent.

1693 4044 1915 4095 .Literas
1937 4044 2092 4095 etiam
2120 4035 2374 4094 laureatas
2393 4045 2608 4093 Romam
2630 4039 2788 4102 mitti,

1714 4129 1807 4172 aut
1829 4122 2043 4171 nuncios
2076 4136 2193 4172 cum
2214 4121 2406 4186 jaculis
2427 4117 2674 4169 laureatis
2697 4115 2786 4167 ad-

1715 4200 1915 4262 venire,
1946 4213 2234 4264 navemque
2268 4199 2552 4247 laureatam
2578 4200 2670 4245 aut
2690 4193 2788 4243 vit-

1718 4283 1881 4329 ratam
1919 4275 2089 4328 felicis
2125 4274 2357 4328 victoriae
2392 4273 2633 4325 nuncium
2656 4286 2793 4338 esse,
