3084 4934
520 371 613 441 76

1286 388 1359 438 Α.
1410 386 1658 439 eliasu
1707 386 1975 439 FLA‘ccl
2035 408 2038 413 >
2083 408 2091 429 ε

520 529 717 617 Anne
742 534 960 617 magis
987 531 1199 599 Siculi
1227 537 1618 616 gemuerunt
1638 551 1779 599 aera
1795 532 2099 616 juvenci,

522 634 664 702 Aut
690 638 899 720 magis
928 636 1180 701 auratis
1208 635 1502 719 pendens
1530 632 1969 720 laquearibus
1986 636 2168 701 ensis

524 738 898 824 Purpureas
926 740 1151 806 subter
1179 739 1474 803 cervices
1500 739 1746 816 terruit,
1778 738 1957 816 imus,
2013 792 2019 799 .

2717 714 2730 735 ,Ι
2823 714 2828 721 .

2639 752 2646 759 ,

522 879 722 923 caecant.
789 873 870 924 An
888 888 956 929 ωε
973 874 1104 923 tauri
1124 873 1277 923 Siculi
1301 874 1498 936 maiores
1526 875 1678 924 edidit
1696 875 1930 936 gemitus.-
1961 879 2010 923 et
2024 873 2218 935 gladius
2249 885 2279 921 e
2300 866 2597 920 ῑισιιηανίὺοιι
2616 881 2735 918 aare

520 937 713 988 intectis
731 953 975 1003 suspensus
989 941 1097 1004 plus
1117 939 1377 1000 tremefecit
1392 955 1605 1005 purpura
1626 945 1905 990 exornatum
1922 944 2065 1005 caput
2086 938 2169 988 sub
2193 951 2267 999 se,
2284 951 2425 1001 quam
2439 936 2484 984 si
2506 935 2623 1000 quis
2643 930 2735 984 silio·

1462 1050 1608 1069 “O“
1617 1051 1790 1068 “OOCO

523 1121 590 1171 44
622 1117 709 1168 Ita
731 1118 1060 1169 scribendum
1084 1125 1197 1170 est:
1233 1119 1504 1184 tangebam,
1523 1119 1751 1184 inquam,
1773 1133 1876 1169 non
1905 1108 2163 1182 tingebam,
2184 1114 2321 1181 quod
2346 1121 2402 1164 et
2423 1111 2736 1163 membranae

1529 1215 1745 1266 NOTAE

524 1295 765 1347 Finibus:
818 1299 835 1325 ‘
861 1298 1144 1349 Oculorum
1188 1298 1240 1348 in
1283 1298 1430 1347 nobis
1477 1313 1590 1348 sen-

525 1388 610 1424 sus
635 1380 716 1424 est
743 1376 1044 1438 acerrimus,
1069 1375 1255 1440 quibus
1279 1374 1590 1439 sapientiam

524 1465 629 1501 non
662 1453 937 1503 cernimus».
1006 1454 1174 1505 Quam
1219 1451 1308 1501 illa
1345 1452 1589 1501 ardentes

525 1536 728 1578 amores
766 1528 1022 1578 excitaret
1064 1529 1160 1592 sui,
1200 1529 1241 1577 si
1279 1526 1589 1577 videretur-l?

527 1606 684 1658 Hune
722 1607 884 1656 Tullii
931 1608 1100 1657 locum
1142 1606 1350 1656 videtur
1382 1619 1593 1670 expres-

523 1682 650 1732 sisse
671 1681 895 1733 Sanctus
912 1682 1234 1746 Augustinus
1253 1683 1594 1732 Enarratione

522 1759 577 1808 in
599 1760 861 1810 Psalmum
885 1765 966 1810 64.
1001 1760 1090 1809 ubi
1114 1760 1189 1809 sic
1222 1758 1409 1808 habet:
1445 1760 1461 1786 ‘
1485 1758 1594 1808 Ha-

522 1834 618 1887 bes
645 1838 822 1887 oculos
844 1835 988 1900 foris,
1027 1836 1162 1886 unde
1185 1837 1361 1885 videas
1385 1848 1591 1884 aurum:

521 1915 664 1965 intus
705 1922 785 1964 est
808 1914 1006 1977 oculus,
1041 1913 1176 1963 unde
1212 1913 1451 1962 videatur
1481 1913 1594 1976 pul-

524 1988 764 2039 chritudo
780 1986 1341 2053 justitiae.—Quaedam
1365 2002 1491 2052 ergo
1511 1993 1594 2037 est

525 2055 860 2131 pulchritudo
874 2066 1123 2132 justitiae,
1159 2081 1314 2130 quam
1358 2065 1591 2114 videmus

526 2144 689 2193 oculis
712 2143 902 2207 cordis,
935 2151 989 2192 et
1013 2158 1259 2204 amamuS,
1276 2149 1330 2192 et
1352 2143 1594 2192 exardes-

524 2220 720 2284 cimus,’
739 2224 837 2270 ὅτε.
904 2219 1010 2270 Alii
1035 2221 1233 2284 legunt,
1262 2221 1500 2270 Virtutem
1521 2221 1594 2269 in-

525 2297 741 2361 videant,
760 2298 864 2359 vel,
895 2296 1082 2346 Virtuti
1105 2298 1364 2360 invideant,
1388 2297 1595 2349 seilicet

511 2374 761 2425 aliorum:
804 2374 950 2438 parvi
974 2380 1120 2424 certe
1145 2377 1375 2425 interest.

590 2452 976 2516 Intubeseantque
1010 2455 1196 2517 relicta]
1228 2455 1427 2504 Dolore
1447 2468 1592 2503 acer-

524 2527 734 2579 bissimo
757 2531 902 2580 velut
936 2531 1105 2595 aliqua
1137 2531 1255 2581 tabe
1292 2545 1593 2581 consuman-

438 2640 449 2647 -
523 2611 626 2668 tur,
665 2606 805 2671 quod
845 2607 981 2655 ultro
1004 2607 1295 2670 abjecerint
1329 2608 1595 2670 virtutem,

525 2697 636 2733 rem
681 2683 811 2733 adeo
862 2684 1145 2747 pretiosam
1195 2691 1251 2732 et
1302 2682 1594 2735 amabilem.

527 2759 715 2811 Horat.
756 2760 859 2810 Od.
898 2776 983 2810 111.
1023 2766 1107 2811 24.
1173 2756 1474 2810 ‘Virtutem
1517 2761 1593 2810 in-

524 2838 779 2887 columem
813 2837 1031 2900 odimus,
1052 2838 1316 2887 Sublatam
1340 2852 1406 2887 ex
1430 2838 1594 2888 oculis

524 2916 799 2979 quaerimus
817 2914 1012 2964 invidi.’
1045 2915 1178 2963 Haec
1202 2915 1316 2978 ipsa
1337 2922 1418 2964 est
1441 2929 1597 2979 poena

523 2989 715 3052 damni,
754 3006 910 3056 quam
957 2990 1009 3039 in
1050 2990 1304 3041 damnatis
1347 2992 1597 3056 Theologi

523 3060 832 3133 agnoscunt.

584 3149 651 3194 39
682 3145 821 3195 Anne
844 3145 998 3208 magis
1017 3143 1191 3210 Siculi]
1227 3144 1311 3194 Ne
1331 3159 1453 3194 vero
1476 3145 1591 3195 haee

521 3222 553 3274 α’
574 3239 657 3274 me
682 3225 840 3289 gratis
865 3224 964 3273 dici
988 3230 1142 3288 putet
1165 3224 1376 3288 aliquis:
1413 3225 1590 3275 omnia

517 3306 666 3350 certe
691 3301 1055 3365 Tyrannorum
1080 3301 1293 3363 inventa
1323 3301 1389 3351 ad
1426 3302 1594 3352 cruci·

521 3366 682 3426 andos
721 3373 981 3436 homines,'
1006 3377 1205 3427 leviora
1238 3385 1358 3429 sunt
1400 3379 1594 3429 consci-

521 3443 678 3504 entiae
713 3453 984 3505 tormentis
1019 3454 1327 3521 assiduoque
1361 3455 1592 3519 stimulo,

523 3530 710 3596 quibus
751 3529 1157 3595 interquiescere
1210 3546 1472 3597 nunquam
1528 3533 1594 3581 si·

521 3614 733 3657 nuntur.
771 3604 960 3657 'Certe
1001 3615 1193 3672 quanto
1230 3614 1446 3673 praestat
1485 3609 1593 3658 ani-

519 3697 634 3732 mus
654 3683 874 3747 corpori,
896 3689 1044 3733 tauto
1081 3685 1324 3748 graviora
1345 3693 1463 3735 sunt
1486 3687 1592 3736 ani-

517 3753 590 3810 mi
614 3760 846 3821 vulnera,
873 3776 1025 3825 quam
1048 3761 1301 3825 eorporis.
1362 3816 1367 3822 ,

589 3835 883 3887 Gemuerunt
906 3852 1004 3887 cera
1012 3838 1232 3902 juvenci]
1252 3839 1594 3905 Metonymia,

518 3906 634 3978 pro,
663 3911 1050 3976 'ingemuerunt
1117 3915 1350 3966 homines
1406 3914 1594 3966 inclusi

520 3999 669 4041 tauro
706 4005 863 4041 aereo.
948 3992 1177 4042 Perillus
1217 3992 1389 4044 Faber
1426 3992 1593 4043 Athe-

522 4066 713 4116 niensis
735 4066 1003 4117 Phalaridi
1038 4066 1503 4133 Agrigentinorum
1539 4071 1595 4120 in

521 4143 698 4194 Sicilia
730 4144 974 4208 Tyranno
1013 4143 1323 4195 fabricatum
1349 4163 1379 4195 a
1401 4162 1456 4196 se
1482 4153 1595 4196 tau-

524 4234 637 4287 rum
672 4235 871 4269 aeneum
908 4219 1076 4285 dedit,
1112 4221 1167 4269 in
1200 4237 1322 4287 quo,
1355 4222 1592 4286 subjecto

524 4293 649 4373 igne¹
680 4297 1039 4349 cruciarentur
1075 4297 1325 4365 homines,
1344 4305 1402 4350 et
1438 4299 1595 4350 tauri·

1672 1311 1763 1346 nos
1787 1296 2012 1360 mugitus
2049 1294 2396 1345 imitarentur.
2464 1292 2589 1356 Ipse
2611 1304 2737 1341 vero

1670 1372 1882 1425 Artifex
1905 1375 1959 1426 in
1980 1390 2097 1425 eum
2117 1373 2370 1422 immissus
2395 1371 2591 1436 primus
2613 1369 2738 1419 artis

1672 1467 1779 1501 suae
1801 1451 2084 1517 periculum
2128 1448 2274 1499 fecit.
2343 1450 2431 1498 De
2487 1461 2551 1497 eo
2600 1446 2739 1496 Plin.

1673 1540 1868 1579 xxxIV.
1905 1532 1953 1578 8.
1999 1528 2016 1554 ‘
2041 1526 2294 1581 Perillam
2332 1536 2483 1574 nemo
2522 1523 2738 1586 laudat,’

1672 1607 1858 1670 inquit,
1908 1605 1924 1632 ‘
1944 1604 2213 1654 saeviorem
2234 1600 2519 1665 Phalaride
2537 1601 2741 1665 Tyran-

1672 1696 1757 1746 no,
1770 1681 1857 1748 qui
1880 1687 2087 1732 taurum
2110 1679 2255 1742 fecit,
2272 1679 2498 1743 mugitus
2519 1678 2740 1728 hominis

1674 1759 1952 1824 pollicitus,
1996 1759 2117 1822 igne
2156 1755 2394 1817 subdito;
2450 1763 2505 1804 et
2547 1755 2740 1818 primus

1674 1853 1791 1887 eum
1816 1842 2063 1902 expertus
2095 1836 2382 1885 cruciatum
2403 1828 2624 1897 justiore
2646 1846 2740 1882 sae-

1672 1915 1837 1964 vitia!
2525 1956 2528 1959 .
2576 1954 2580 1959 .

1737 1997 1802 2043 40
1834 1993 2037 2042 Auratis
2052 1991 2257 2056 pendens
2285 1988 2581 2053 laquearibus
2595 1986 2742 2051 ensis]

1671 2065 1960 2134 Suspensus
2014 2083 2045 2119 e
2095 2068 2326 2133 laqueari
2383 2065 2584 2131 gladius
2625 2070 2750 2113 seta.

1674 2148 1881 2213 equina,
1899 2154 1954 2198 et
1976 2146 2244 2196 imminens
2277 2143 2440 2208 capiti
2478 2140 2751 2203 Damoclis

1675 2224 1813 2288 apud
1853 2223 2165 2287 Dionysium
2201 2221 2389 2270 Siciliae
2425 2221 2742 2283 Tyrannum.

1676 2303 1818 2352 Nota
1835 2301 2052 2350 historia
2075 2314 2142 2348 ex
2160 2297 2267 2348 Cic.
2283 2299 2436 2347 Tusc.
2463 2297 2665 2348 Quaest.
2685 2309 2739 2346 V.

1676 2378 1913 2428 Macrob.
1947 2377 2012 2426 ad
2047 2376 2223 2425 Somn.
2265 2373 2542 2440 Scipionis,
2581 2387 2619 2423 1.
2659 2377 2740 2423 10.

1672 2457 1771 2505 ὅτε.
2770 2448 2775 2458 ’

1737 2534 1801 2579 41
1839 2530 2110 2594 Purpureus
2144 2527 2304 2578 subter
2337 2525 2560 2590 cervices]
2590 2526 2738 2575 Mors

1674 2608 1943 2658 imminens
1993 2606 2185 2656 terruit
2241 2605 2543 2655 Damoclem
2594 2603 2741 2667 regio

1673 2691 1862 2733 ornatu
1899 2683 2159 2745 amictum,
2198 2681 2293 2731 sub
2333 2694 2455 2730 ense
2480 2680 2569 2729 illo
2607 2679 2741 2743 posi-

1677 2767 1807 2810 tum.

1745 2839 1934 2887 Terruit
1972 2838 2146 2902 magis,
2188 2852 2345 2901 quam,
2381 2834 2485 2901 δῖα]
2542 2835 2604 2884 Id
2642 2840 2751 2905 est,

1677 2918 1793 2968 Nec
1818 2918 2041 2967 Pei-illus
2064 2932 2285 2967 accenso
2326 2923 2473 2966 tauro
2503 2930 2648 2964 aeneo
2672 2915 2746 2964 in-

1678 2995 1850 3044 clusus
1886 2994 2227 3044 miserabilius
2251 2993 2465 3056 gemuit,
2500 3006 2598 3041 nec
2639 2993 2743 3042 Da·

1677 3073 1871 3121 moeles
1895 3071 2246 3121 imminentem
2269 3069 2369 3119 sibi
2394 3074 2614 3119 mortem
2638 3070 2745 3119 ani-

1674 3147 2007 3197 madvertens
2057 3146 2219 3212 magis
2258 3144 2546 3209 exhorruit,
2591 3161 2743 3212 quam

1674 3228 1951 3287 torquetur
2001 3223 2285 3272 sceleratus
2339 3221 2533 3271 intimis
2588 3222 2743 3271 animi

1672 3299 2009 3362 cruciatibus,
2050 3314 2167 3349 cum
2217 3299 2473 3349 scelerum
2523 3299 2743 3350 stimulis

1673 3383 1728 3426 et
1748 3375 1899 3426 furiis
1925 3377 2172 3443 agitatur.
2253 3430 2256 3439 Ι

1739 3454 1884 3520 Imus,
1899 3456 2023 3506 imas
2040 3453 2337 3519 praecipites]
2349 3453 2576 3519 Egregia
2584 3452 2742 3503 Prosss

1674 3532 1917 3598 opopoeia
1957 3531 2201 3599 ⁸Tyranni
2256 3531 2591 3582 conscientias
2649 3527 2740 3579 fla-

1674 3609 1822 3674 gellis
1861 3615 1916 3659 et
1963 3609 2233 3660 tormentis
2290 3601 2497 3657 adacti:
2556 3606 2740 3673 quibus

1674 3702 1850 3737 secum
1889 3687 2001 3751 ipse
2033 3685 2087 3735 in
2124 3701 2324 3735 summa
2354 3684 2740 3749 desperatione,

1674 3764 1849 3814 dicat:
1884 3771 2059 3814 actum
2084 3770 2166 3814 est
2201 3764 2267 3813 de
2305 3762 2474 3827 nobis,
2506 3762 2743 3826 proecipi-

1674 3847 1865 3905 tamur,
1913 3843 2155 3907 perimus,
2211 3842 2350 3892 omni
2406 3841 2585 3891 salutis
2642 3855 2741 3906 ope

1674 3918 1936 3970 destituti.
2003 3919 2238 3969 Tiberius
2277 3919 2416 3983 apud
2454 3919 2669 3968 Sueten.
2693 3932 2742 3967 c.

1673 3999 1755 4044 67.
1787 3997 1803 4023 ‘
1830 3995 1969 4047 Quid
2005 3994 2225 4045 scribam
2250 3995 2416 4058 vobis,
2447 3994 2511 4045 P.
2554 3993 2613 4044 C.
2650 4002 2741 4043 aut

1676 4070 1930 4136 quomodo
1967 4070 2209 4130 scribam,
2251 4076 2340 4119 aut
2377 4069 2503 4135 quid
2534 4069 2741 4119 omnino

1675 4164 1779 4198 non
1815 4149 2036 4199 scribam
2075 4149 2171 4198 hoc
2208 4149 2477 4213 tempore?
2534 4146 2626 4197 Dii
2663 4161 2745 4195 me

1674 4227 1907 4292 Deaeque
1943 4226 2097 4291 pejus
2136 4225 2377 4290 perdant,
2399 4240 2552 4290 quam
2573 4224 2742 4291 queti-

1673 4302 1761 4355 die
1786 4292 1959 4369 perire
1978 4302 2168 4366 sentio,
2192 4302 2235 4352 si
2257 4300 2400 4353 scio.'
2581 4297 2611 4305 ”
