<?xml version="1.0" encoding="UTF-8"?>
<!DOCTYPE html PUBLIC "-//W3C//DTD XHTML 1.0 Transitional//EN"
    "http://www.w3.org/TR/xhtml1/DTD/xhtml1-transitional.dtd">
<html xmlns="http://www.w3.org/1999/xhtml" xml:lang="en" lang="en">
 <head>
  <title>
</title>
<meta http-equiv="Content-Type" content="text/html;charset=utf-8" />
  <meta name='ocr-system' content='tesseract 3.04.00' />
  <meta name='ocr-capabilities' content='ocr_page ocr_carea ocr_par ocr_line ocrx_word'/>
</head>
<body>
  <div class='ocr_page' id='page_1' title='image "./operaomnia00persgoog_0060.png"; bbox 0 0 3084 4934; ppageno 0'>
   <div class='ocr_carea' id='block_1_1' title="bbox 514 393 606 464">
    <p class='ocr_par' dir='ltr' id='par_1_1' title="bbox 514 393 606 464">
     <span class='ocr_line' id='line_1_1' title="bbox 514 393 606 464; baseline 0 -2"><span class='ocrx_word' id='word_1_1' title='bbox 514 393 606 464; x_wconf 76' lang='lat'><strong><em>46</em></strong></span> 
     </span>
    </p>
   </div>
   <div class='ocr_carea' id='block_1_2' title="bbox 1279 409 1964 464">
    <p class='ocr_par' dir='ltr' id='par_1_2' title="bbox 1279 409 1964 464">
     <span class='ocr_line' id='line_1_2' title="bbox 1279 409 1964 464; baseline 0.001 -4"><span class='ocrx_word' id='word_1_2' title='bbox 1279 409 1350 463; x_wconf 76' lang='lat' dir='ltr'><strong><em>A.</em></strong></span> <span class='ocrx_word' id='word_1_3' title='bbox 1401 410 1649 464; x_wconf 78' lang='lat' dir='ltr'><strong><em>PERsn</em></strong></span> <span class='ocrx_word' id='word_1_4' title='bbox 1699 412 1964 462; x_wconf 60' lang='lat' dir='ltr'><strong><em>Fusco!</em></strong></span> 
     </span>
    </p>
   </div>
   <div class='ocr_carea' id='block_1_3' title="bbox 513 554 2710 849">
    <p class='ocr_par' dir='ltr' id='par_1_3' title="bbox 513 554 2710 849">
     <span class='ocr_line' id='line_1_3' title="bbox 516 554 2646 647; baseline -0.001 -23"><span class='ocrx_word' id='word_1_5' title='bbox 516 557 638 624; x_wconf 88' lang='lat' dir='ltr'><strong><em>Nil</em></strong></span> <span class='ocrx_word' id='word_1_6' title='bbox 663 577 903 622; x_wconf 89' lang='lat' dir='ltr'><strong><em>moror.</em></strong></span> <span class='ocrx_word' id='word_1_7' title='bbox 992 556 1216 640; x_wconf 84' lang='lat' dir='ltr'><strong><em>Euge!</em></strong></span> <span class='ocrx_word' id='word_1_8' title='bbox 1258 577 1513 647; x_wconf 76' lang='lat' dir='ltr'><strong><em>omneS‚</em></strong></span> <span class='ocrx_word' id='word_1_9' title='bbox 1542 578 1773 624; x_wconf 89' lang='lat' dir='ltr'><strong><em>omnes</em></strong></span> <span class='ocrx_word' id='word_1_10' title='bbox 1804 560 1971 623; x_wconf 89' lang='lat' dir='ltr'><strong><em>bene</em></strong></span> <span class='ocrx_word' id='word_1_11' title='bbox 1996 558 2187 623; x_wconf 75' lang='lat' dir='ltr'><strong><em>miros</em></strong></span> <span class='ocrx_word' id='word_1_12' title='bbox 2216 554 2398 624; x_wconf 78' lang='lat' dir='ltr'><strong><em>eritis</em></strong></span> <span class='ocrx_word' id='word_1_13' title='bbox 2422 554 2552 625; x_wconf 73' lang='lat' dir='ltr'><strong><em>res.</em></strong></span> <span class='ocrx_word' id='word_1_14' title='bbox 2637 566 2646 577; x_wconf 66' lang='lat'>²</span> 
     </span>
     <span class='ocr_line' id='line_1_4' title="bbox 515 654 2710 746; baseline 0.001 -22"><span class='ocrx_word' id='word_1_15' title='bbox 515 660 675 726; x_wconf 91' lang='lat' dir='ltr'><strong><em>Hoc</em></strong></span> <span class='ocrx_word' id='word_1_16' title='bbox 697 661 940 744; x_wconf 63' lang='lat' dir='ltr'><strong><em>juvati</em></strong></span> <span class='ocrx_word' id='word_1_17' title='bbox 989 661 1428 746; x_wconf 80' lang='lat' dir='ltr'><strong><em>Hic,‘inquiS,</em></strong></span> <span class='ocrx_word' id='word_1_18' title='bbox 1456 667 1614 727; x_wconf 82' lang='lat' dir='ltr'><strong><em>veto</em></strong></span> <span class='ocrx_word' id='word_1_19' title='bbox 1640 664 1996 746; x_wconf 85' lang='lat' dir='ltr'><strong><em>quisquam</em></strong></span> <span class='ocrx_word' id='word_1_20' title='bbox 2024 661 2201 726; x_wconf 85' lang='lat' dir='ltr'><strong><em>faxit</em></strong></span> <span class='ocrx_word' id='word_1_21' title='bbox 2221 660 2496 727; x_wconf 83' lang='lat' dir='ltr'><strong><em>oletum.</em></strong></span> <span class='ocrx_word' id='word_1_22' title='bbox 2705 654 2710 663; x_wconf 74' lang='grc'><strong>’</strong></span> 
     </span>
     <span class='ocr_line' id='line_1_5' title="bbox 513 763 2327 849; baseline -0.002 -20"><span class='ocrx_word' id='word_1_23' title='bbox 513 763 722 847; x_wconf 85' lang='lat' dir='ltr'>Pinge</span> <span class='ocrx_word' id='word_1_24' title='bbox 752 764 922 828; x_wconf 90' lang='lat' dir='ltr'><strong><em>duos</em></strong></span> <span class='ocrx_word' id='word_1_25' title='bbox 949 784 1234 847; x_wconf 78' lang='lat' dir='ltr'>angues:</span> <span class='ocrx_word' id='word_1_26' title='bbox 1278 765 1486 849; x_wconf 89' lang='lat' dir='ltr'><strong><em>pueri,</em></strong></span> <span class='ocrx_word' id='word_1_27' title='bbox 1516 783 1706 829; x_wconf 88' lang='lat' dir='ltr'><strong><em>sacer</em></strong></span> <span class='ocrx_word' id='word_1_28' title='bbox 1733 770 1835 828; x_wconf 84' lang='lat' dir='ltr'><strong><em>est</em></strong></span> <span class='ocrx_word' id='word_1_29' title='bbox 1861 765 2094 828; x_wconf 87' lang='lat' dir='ltr'><strong><em>locus:</em></strong></span> <span class='ocrx_word' id='word_1_30' title='bbox 2138 768 2327 827; x_wconf 85' lang='lat' dir='ltr'><strong><em>extra</em></strong></span> 
     </span>
    </p>
   </div>
   <div class='ocr_carea' id='block_1_4' title="bbox 510 912 2732 1063">
    <p class='ocr_par' dir='ltr' id='par_1_4' title="bbox 510 912 2732 1063">
     <span class='ocr_line' id='line_1_6' title="bbox 511 912 2732 1008; baseline 0.002 -29"><span class='ocrx_word' id='word_1_31' title='bbox 511 945 618 994; x_wconf 82' lang='lat' dir='ltr'><strong><em>ceps</em></strong></span> <span class='ocrx_word' id='word_1_32' title='bbox 632 932 845 1008; x_wconf 74' lang='lat' dir='ltr'><strong><em>pulchra.</em></strong></span> <span class='ocrx_word' id='word_1_33' title='bbox 916 932 1028 981; x_wconf 76' lang='lat' dir='ltr'><strong><em>Non</em></strong></span> <span class='ocrx_word' id='word_1_34' title='bbox 1061 932 1262 994; x_wconf 79' lang='lat' dir='ltr'><strong><em>impedio</em></strong></span> <span class='ocrx_word' id='word_1_35' title='bbox 1284 934 1564 1008; x_wconf 59' lang='lat' dir='ltr'><strong><em>quidquam:</em></strong></span> <span class='ocrx_word' id='word_1_36' title='bbox 1600 934 1713 984; x_wconf 77' lang='lat' dir='ltr'><strong><em>bene</em></strong></span> <span class='ocrx_word' id='word_1_37' title='bbox 1734 938 1822 983; x_wconf 84' lang='lat' dir='ltr'><strong><em>est.</em></strong></span> <span class='ocrx_word' id='word_1_38' title='bbox 1894 933 2092 992; x_wconf 81' lang='lat' dir='ltr'><strong><em>Omnia,</em></strong></span> <span class='ocrx_word' id='word_1_39' title='bbox 2115 931 2289 1008; x_wconf 72' lang='lat' dir='ltr'><strong><em>omnia,</em></strong></span> <span class='ocrx_word' id='word_1_40' title='bbox 2325 932 2551 996; x_wconf 72' lang='lat' dir='ltr'><strong><em>inquam,</em></strong></span> <span class='ocrx_word' id='word_1_41' title='bbox 2585 912 2732 983; x_wconf 29' lang='lat' dir='ltr'><strong><em>eritis*</em></strong></span> 
     </span>
     <span class='ocr_line' id='line_1_7' title="bbox 510 996 2721 1063; baseline 0.001 -19"><span class='ocrx_word' id='word_1_42' title='bbox 510 997 644 1044; x_wconf 77' lang='lat' dir='ltr'><strong><em>valde</em></strong></span> <span class='ocrx_word' id='word_1_43' title='bbox 662 996 977 1048; x_wconf 71' lang='lat' dir='ltr'><strong><em>admzrabilia.</em></strong></span> <span class='ocrx_word' id='word_1_44' title='bbox 1043 998 1180 1048; x_wconf 75' lang='lat' dir='ltr'><strong><em>Istud</em></strong></span> <span class='ocrx_word' id='word_1_45' title='bbox 1197 1001 1353 1062; x_wconf 72' lang='lat' dir='ltr'><strong><em>placet</em></strong></span> <span class='ocrx_word' id='word_1_46' title='bbox 1369 1015 1385 1047; x_wconf 82' lang='grc'><strong><em>.-</em></strong></span> <span class='ocrx_word' id='word_1_47' title='bbox 1416 999 1533 1061; x_wconf 77' lang='lat' dir='ltr'><strong><em>tllic,</em></strong></span> <span class='ocrx_word' id='word_1_48' title='bbox 1553 1001 1645 1062; x_wconf 80' lang='lat' dir='ltr'><strong><em>ais,</em></strong></span> <span class='ocrx_word' id='word_1_49' title='bbox 1665 999 1904 1063; x_wconf 72' lang='lat' dir='ltr'><strong><em>prohibeo,</em></strong></span> <span class='ocrx_word' id='word_1_50' title='bbox 1936 1013 1995 1047; x_wconf 76' lang='lat' dir='ltr'><strong><em>ne</em></strong></span> <span class='ocrx_word' id='word_1_51' title='bbox 2028 999 2151 1047; x_wconf 67' lang='lat' dir='ltr'><strong><em>ullus</em></strong></span> <span class='ocrx_word' id='word_1_52' title='bbox 2176 997 2335 1058; x_wconf 68' lang='lat' dir='ltr'><strong><em>factat</em></strong></span> <span class='ocrx_word' id='word_1_53' title='bbox 2356 1002 2548 1047; x_wconf 79' lang='lat' dir='ltr'><strong><em>stercus.</em></strong></span> <span class='ocrx_word' id='word_1_54' title='bbox 2620 1001 2721 1062; x_wconf 80' lang='lat' dir='ltr'><strong><em>Ap-</em></strong></span> 
     </span>
    </p>
   </div>
   <div class='ocr_carea' id='block_1_5' title="bbox 503 1062 1073 1127">
    <p class='ocr_par' dir='ltr' id='par_1_5' title="bbox 503 1062 1073 1127">
     <span class='ocr_line' id='line_1_8' title="bbox 503 1062 1073 1127; baseline 0.007 -17"><span class='ocrx_word' id='word_1_55' title='bbox 503 1062 654 1124; x_wconf 74' lang='lat' dir='ltr'><strong><em>pinge</em></strong></span> <span class='ocrx_word' id='word_1_56' title='bbox 675 1062 804 1111; x_wconf 71' lang='lat' dir='ltr'><strong><em>binos</em></strong></span> <span class='ocrx_word' id='word_1_57' title='bbox 823 1068 1073 1127; x_wconf 71' lang='lat' dir='ltr'><strong><em>serpentes.</em></strong></span> 
     </span>
    </p>
   </div>
   <div class='ocr_carea' id='block_1_6' title="bbox 1156 1062 2717 1131">
    <p class='ocr_par' dir='ltr' id='par_1_6' title="bbox 1156 1062 2717 1131">
     <span class='ocr_line' id='line_1_9' title="bbox 1156 1062 2717 1131; baseline 0.001 -18"><span class='ocrx_word' id='word_1_58' title='bbox 1156 1065 1204 1113; x_wconf 90' lang='lat'>0</span> <span class='ocrx_word' id='word_1_59' title='bbox 1226 1064 1442 1127; x_wconf 74' lang='lat' dir='ltr'><strong><em>juvenes,</em></strong></span> <span class='ocrx_word' id='word_1_60' title='bbox 1471 1070 1637 1114; x_wconf 71' lang='lat' dir='ltr'><strong><em>sancta</em></strong></span> <span class='ocrx_word' id='word_1_61' title='bbox 1671 1070 1749 1114; x_wconf 76' lang='lat' dir='ltr'><strong><em>est</em></strong></span> <span class='ocrx_word' id='word_1_62' title='bbox 1786 1069 1919 1114; x_wconf 78' lang='lat' dir='ltr'><strong><em>terra</em></strong></span> <span class='ocrx_word' id='word_1_63' title='bbox 1954 1065 2099 1114; x_wconf 79' lang='lat' dir='ltr'><strong><em>haec:</em></strong></span> <span class='ocrx_word' id='word_1_64' title='bbox 2139 1062 2282 1123; x_wconf 79' lang='lat' dir='ltr'><strong><em>forus</em></strong></span> <span class='ocrx_word' id='word_1_65' title='bbox 2317 1063 2483 1112; x_wconf 73' lang='lat' dir='ltr'><strong><em>lotium</em></strong></span> <span class='ocrx_word' id='word_1_66' title='bbox 2497 1063 2717 1131; x_wconf 48' lang='lat' dir='ltr'><strong><em>‘mittite</em></strong></span> 
     </span>
    </p>
   </div>
   <div class='ocr_carea' id='block_1_7' title="bbox 1436 1206 1788 1226">
    <p class='ocr_par' dir='ltr' id='par_1_7' title="bbox 1436 1206 1788 1226">
     <span class='ocr_line' id='line_1_10' title="bbox 1436 1206 1788 1226; baseline -0.003 0"><span class='ocrx_word' id='word_1_67' title='bbox 1436 1207 1727 1226; x_wconf 60' lang='lat' dir='ltr'><strong><em>OOOO‘ONO‘</em></strong></span> <span class='ocrx_word' id='word_1_68' title='bbox 1734 1206 1788 1225; x_wconf 62' lang='lat' dir='ltr'><strong><em>‘O</em></strong></span> 
     </span>
    </p>
   </div>
   <div class='ocr_carea' id='block_1_8' title="bbox 509 1294 2717 1449">
    <p class='ocr_par' dir='ltr' id='par_1_8' title="bbox 509 1294 2717 1449">
     <span class='ocr_line' id='line_1_11' title="bbox 512 1294 2717 1386; baseline 0.002 -17"><span class='ocrx_word' id='word_1_69' title='bbox 512 1319 613 1370; x_wconf 83' lang='lat' dir='ltr'><strong><em>Ms.</em></strong></span> <span class='ocrx_word' id='word_1_70' title='bbox 640 1294 704 1369; x_wconf 74' lang='lat' dir='ltr'><strong><em>R.</em></strong></span> <span class='ocrx_word' id='word_1_71' title='bbox 726 1335 861 1371; x_wconf 77' lang='lat' dir='ltr'><strong><em>versu</em></strong></span> <span class='ocrx_word' id='word_1_72' title='bbox 883 1322 983 1371; x_wconf 88' lang='lat' dir='ltr'><strong><em>Ms.</em></strong></span> <span class='ocrx_word' id='word_1_73' title='bbox 1008 1323 1285 1374; x_wconf 86' lang='lat' dir='ltr'><strong><em>Gal.—-lll</em></strong></span> <span class='ocrx_word' id='word_1_74' title='bbox 1319 1339 1495 1386; x_wconf 80' lang='lat' dir='ltr'><strong><em>omnes,</em></strong></span> <span class='ocrx_word' id='word_1_75' title='bbox 1532 1329 1580 1373; x_wconf 79' lang='lat' dir='ltr'><strong><em>et</em></strong></span> <span class='ocrx_word' id='word_1_76' title='bbox 1617 1325 1742 1373; x_wconf 81' lang='lat' dir='ltr'><strong><em>enim</em></strong></span> <span class='ocrx_word' id='word_1_77' title='bbox 1776 1323 1889 1376; x_wconf 77' lang='lat' dir='ltr'><strong><em>bene</em></strong></span> <span class='ocrx_word' id='word_1_78' title='bbox 1924 1327 2029 1383; x_wconf 80' lang='lat' dir='ltr'><strong><em>Ms.</em></strong></span> <span class='ocrx_word' id='word_1_79' title='bbox 2066 1327 2131 1375; x_wconf 86' lang='lat' dir='ltr'><strong><em>R.</em></strong></span> <span class='ocrx_word' id='word_1_80' title='bbox 2186 1340 2309 1376; x_wconf 75' lang='lat' dir='ltr'><strong><em>omn.</em></strong></span> <span class='ocrx_word' id='word_1_81' title='bbox 2333 1326 2505 1375; x_wconf 80' lang='lat' dir='ltr'><strong><em>etenim</em></strong></span> <span class='ocrx_word' id='word_1_82' title='bbox 2524 1325 2635 1375; x_wconf 73' lang='lat' dir='ltr'><strong><em>bene</em></strong></span> <span class='ocrx_word' id='word_1_83' title='bbox 2658 1325 2717 1375; x_wconf 91' lang='lat' dir='ltr'><strong><em>C.</em></strong></span> 
     </span>
     <span class='ocr_line' id='line_1_12' title="bbox 509 1388 1811 1449; baseline 0.006 -16"><span class='ocrx_word' id='word_1_84' title='bbox 509 1400 683 1449; x_wconf 83' lang='lat' dir='ltr'><strong><em>omnes,</em></strong></span> <span class='ocrx_word' id='word_1_85' title='bbox 702 1400 779 1441; x_wconf 75' lang='lat' dir='ltr'><strong><em>res</em></strong></span> <span class='ocrx_word' id='word_1_86' title='bbox 799 1402 954 1436; x_wconf 78' lang='lat' dir='ltr'><strong><em>omnes</em></strong></span> <span class='ocrx_word' id='word_1_87' title='bbox 974 1389 1077 1438; x_wconf 87' lang='lat' dir='ltr'><strong><em>Ms.</em></strong></span> <span class='ocrx_word' id='word_1_88' title='bbox 1098 1388 1214 1441; x_wconf 84' lang='lat' dir='ltr'><strong><em>Gal.</em></strong></span> <span class='ocrx_word' id='word_1_89' title='bbox 1279 1389 1380 1440; x_wconf 74' lang='lat' dir='ltr'><strong><em>vidi</em></strong></span> <span class='ocrx_word' id='word_1_90' title='bbox 1399 1390 1476 1439; x_wconf 80' lang='lat' dir='ltr'><strong><em>hic</em></strong></span> <span class='ocrx_word' id='word_1_91' title='bbox 1496 1390 1597 1438; x_wconf 76' lang='lat' dir='ltr'><strong><em>vidi</em></strong></span> <span class='ocrx_word' id='word_1_92' title='bbox 1617 1391 1718 1440; x_wconf 89' lang='lat' dir='ltr'><strong><em>Ms.</em></strong></span> <span class='ocrx_word' id='word_1_93' title='bbox 1744 1390 1811 1441; x_wconf 80' lang='lat' dir='ltr'><strong><em>R.</em></strong></span> 
     </span>
    </p>
   </div>
   <div class='ocr_carea' id='block_1_9' title="bbox 1503 1546 1717 1598">
    <p class='ocr_par' dir='ltr' id='par_1_9' title="bbox 1503 1546 1717 1598">
     <span class='ocr_line' id='line_1_13' title="bbox 1503 1546 1717 1598; baseline 0 -2"><span class='ocrx_word' id='word_1_94' title='bbox 1503 1546 1717 1598; x_wconf 79' lang='lat' dir='ltr'>NOTAE</span> 
     </span>
    </p>
   </div>
   <div class='ocr_carea' id='block_1_10' title="bbox 506 1655 1577 2564">
    <p class='ocr_par' dir='ltr' id='par_1_10' title="bbox 507 1655 1577 1947">
     <span class='ocr_line' id='line_1_14' title="bbox 577 1655 1573 1723; baseline 0.004 -20"><span class='ocrx_word' id='word_1_95' title='bbox 577 1659 669 1704; x_wconf 88' lang='lat'><strong><em>111</em></strong></span> <span class='ocrx_word' id='word_1_96' title='bbox 709 1655 902 1718; x_wconf 76' lang='lat' dir='ltr'><strong><em>Omnes,</em></strong></span> <span class='ocrx_word' id='word_1_97' title='bbox 937 1657 1115 1720; x_wconf 77' lang='lat' dir='ltr'><strong><em>omnes]</em></strong></span> <span class='ocrx_word' id='word_1_98' title='bbox 1165 1658 1297 1709; x_wconf 88' lang='lat' dir='ltr'><strong><em>Volo</em></strong></span> <span class='ocrx_word' id='word_1_99' title='bbox 1330 1658 1573 1723; x_wconf 77' lang='lat' dir='ltr'><strong><em>deinceps</em></strong></span> 
     </span>
     <span class='ocr_line' id='line_1_15' title="bbox 509 1732 1577 1799; baseline 0.001 -17"><span class='ocrx_word' id='word_1_100' title='bbox 509 1732 700 1792; x_wconf 90' lang='lat' dir='ltr'><strong><em>omnia,</em></strong></span> <span class='ocrx_word' id='word_1_101' title='bbox 722 1733 905 1795; x_wconf 89' lang='lat' dir='ltr'><strong><em>omnia,</em></strong></span> <span class='ocrx_word' id='word_1_102' title='bbox 927 1735 1153 1799; x_wconf 83' lang='lat' dir='ltr'><strong><em>inquam,</em></strong></span> <span class='ocrx_word' id='word_1_103' title='bbox 1187 1750 1303 1784; x_wconf 88' lang='lat' dir='ltr'><strong><em>cum</em></strong></span> <span class='ocrx_word' id='word_1_104' title='bbox 1342 1735 1452 1784; x_wconf 90' lang='lat' dir='ltr'><strong><em>aliis</em></strong></span> <span class='ocrx_word' id='word_1_105' title='bbox 1488 1734 1577 1783; x_wconf 87' lang='lat' dir='ltr'><strong><em>ad-</em></strong></span> 
     </span>
     <span class='ocr_line' id='line_1_16' title="bbox 508 1809 1577 1876; baseline 0.005 -19"><span class='ocrx_word' id='word_1_106' title='bbox 508 1810 704 1867; x_wconf 86' lang='lat' dir='ltr'><strong><em>mirari,</em></strong></span> <span class='ocrx_word' id='word_1_107' title='bbox 725 1818 786 1858; x_wconf 92' lang='lat' dir='ltr'><strong><em>ut</em></strong></span> <span class='ocrx_word' id='word_1_108' title='bbox 806 1820 862 1858; x_wconf 86' lang='lat' dir='ltr'><strong><em>tu</em></strong></span> <span class='ocrx_word' id='word_1_109' title='bbox 882 1809 1028 1873; x_wconf 83' lang='lat' dir='ltr'><strong><em>facis,</em></strong></span> <span class='ocrx_word' id='word_1_110' title='bbox 1048 1819 1104 1860; x_wconf 92' lang='lat' dir='ltr'><strong><em>et</em></strong></span> <span class='ocrx_word' id='word_1_111' title='bbox 1118 1813 1275 1876; x_wconf 87' lang='lat' dir='ltr'><strong><em>jubes</em></strong></span> <span class='ocrx_word' id='word_1_112' title='bbox 1297 1828 1380 1862; x_wconf 89' lang='lat' dir='ltr'><strong><em>me</em></strong></span> <span class='ocrx_word' id='word_1_113' title='bbox 1403 1818 1577 1862; x_wconf 88' lang='lat' dir='ltr'><strong><em>tecum</em></strong></span> 
     </span>
     <span class='ocr_line' id='line_1_17' title="bbox 507 1883 1021 1947; baseline 0.006 -13"><span class='ocrx_word' id='word_1_114' title='bbox 507 1883 704 1947; x_wconf 84' lang='lat' dir='ltr'><strong><em>facere,</em></strong></span> <span class='ocrx_word' id='word_1_115' title='bbox 726 1901 756 1934; x_wconf 93' lang='lat' dir='ltr'><strong><em>o</em></strong></span> <span class='ocrx_word' id='word_1_116' title='bbox 780 1886 1021 1937; x_wconf 87' lang='lat' dir='ltr'><strong><em>monitor.</em></strong></span> 
     </span>
    </p>

    <p class='ocr_par' dir='ltr' id='par_1_11' title="bbox 506 1963 1576 2564">
     <span class='ocr_line' id='line_1_18' title="bbox 573 1963 1575 2031; baseline 0.004 -20"><span class='ocrx_word' id='word_1_117' title='bbox 573 1963 706 2012; x_wconf 81' lang='lat' dir='ltr'><strong><em>Bene</em></strong></span> <span class='ocrx_word' id='word_1_118' title='bbox 738 1964 872 2012; x_wconf 55' lang='grc' dir='ltr'><strong><em>’πῖναι</em></strong></span> <span class='ocrx_word' id='word_1_119' title='bbox 893 1965 1028 2013; x_wconf 61' lang='lat' dir='ltr'><strong><em>eritis</em></strong></span> <span class='ocrx_word' id='word_1_120' title='bbox 1048 1968 1145 2031; x_wconf 84' lang='lat' dir='ltr'><strong><em>res]</em></strong></span> <span class='ocrx_word' id='word_1_121' title='bbox 1192 1966 1433 2017; x_wconf 81' lang='lat' dir='ltr'>Ridicula</span> <span class='ocrx_word' id='word_1_122' title='bbox 1462 1982 1575 2017; x_wconf 86' lang='lat' dir='ltr'><strong><em>ver-</em></strong></span> 
     </span>
     <span class='ocr_line' id='line_1_19' title="bbox 508 2041 1573 2093; baseline 0.005 -5"><span class='ocrx_word' id='word_1_123' title='bbox 508 2055 595 2089; x_wconf 88' lang='lat' dir='ltr'><strong><em>sus</em></strong></span> <span class='ocrx_word' id='word_1_124' title='bbox 635 2041 864 2090; x_wconf 82' lang='lat' dir='ltr'>clausula</span> <span class='ocrx_word' id='word_1_125' title='bbox 904 2042 1179 2093; x_wconf 85' lang='lat' dir='ltr'><strong><em>ridiculum</em></strong></span> <span class='ocrx_word' id='word_1_126' title='bbox 1220 2044 1573 2093; x_wconf 85' lang='lat' dir='ltr'><strong>adulatoribus</strong></span> 
     </span>
     <span class='ocr_line' id='line_1_20' title="bbox 507 2117 1573 2184; baseline 0.004 -20"><span class='ocrx_word' id='word_1_127' title='bbox 507 2117 868 2166; x_wconf 87' lang='lat' dir='ltr'><strong><em>consentiendi</em></strong></span> <span class='ocrx_word' id='word_1_128' title='bbox 915 2119 1180 2168; x_wconf 90' lang='lat' dir='ltr'><strong><em>consilium</em></strong></span> <span class='ocrx_word' id='word_1_129' title='bbox 1234 2122 1444 2184; x_wconf 84' lang='lat' dir='ltr'><strong><em>egregie</em></strong></span> <span class='ocrx_word' id='word_1_130' title='bbox 1484 2135 1573 2169; x_wconf 84' lang='lat' dir='ltr'><strong><em>ex-</em></strong></span> 
     </span>
     <span class='ocr_line' id='line_1_21' title="bbox 507 2192 1574 2260; baseline 0.003 -19"><span class='ocrx_word' id='word_1_131' title='bbox 507 2192 703 2256; x_wconf 82' lang='lat' dir='ltr'><strong><em>primit.</em></strong></span> <span class='ocrx_word' id='word_1_132' title='bbox 770 2193 932 2243; x_wconf 83' lang='lat' dir='ltr'><strong><em>Juxta</em></strong></span> <span class='ocrx_word' id='word_1_133' title='bbox 957 2194 1084 2242; x_wconf 89' lang='lat' dir='ltr'><strong><em>illud</em></strong></span> <span class='ocrx_word' id='word_1_134' title='bbox 1108 2195 1316 2245; x_wconf 79' lang='lat' dir='ltr'>Horatii</span> <span class='ocrx_word' id='word_1_135' title='bbox 1343 2211 1574 2260; x_wconf 72' lang='lat' dir='ltr'><strong><em>proecep-</em></strong></span> 
     </span>
     <span class='ocr_line' id='line_1_22' title="bbox 506 2269 1573 2336; baseline 0.001 -17"><span class='ocrx_word' id='word_1_136' title='bbox 506 2277 614 2319; x_wconf 88' lang='lat' dir='ltr'><strong><em>tum</em></strong></span> <span class='ocrx_word' id='word_1_137' title='bbox 637 2270 745 2319; x_wconf 86' lang='lat' dir='ltr'><strong><em>Sat.</em></strong></span> <span class='ocrx_word' id='word_1_138' title='bbox 772 2274 851 2318; x_wconf 89' lang='grc'><strong><em>10.</em></strong></span> <span class='ocrx_word' id='word_1_139' title='bbox 878 2269 965 2319; x_wconf 91' lang='lat' dir='ltr'><strong><em>lib.</em></strong></span> <span class='ocrx_word' id='word_1_140' title='bbox 989 2284 1025 2320; x_wconf 89' lang='lat'><strong><em>1.</em></strong></span> <span class='ocrx_word' id='word_1_141' title='bbox 1057 2273 1071 2299; x_wconf 91' lang='lat'>‘</span> <span class='ocrx_word' id='word_1_142' title='bbox 1099 2273 1168 2321; x_wconf 87' lang='lat' dir='ltr'><strong><em>Et</em></strong></span> <span class='ocrx_word' id='word_1_143' title='bbox 1186 2286 1420 2321; x_wconf 80' lang='lat' dir='ltr'><strong><em>sermone</em></strong></span> <span class='ocrx_word' id='word_1_144' title='bbox 1443 2287 1573 2336; x_wconf 90' lang='lat' dir='ltr'><strong><em>opus</em></strong></span> 
     </span>
     <span class='ocr_line' id='line_1_23' title="bbox 506 2347 1576 2413; baseline 0 -17"><span class='ocrx_word' id='word_1_145' title='bbox 506 2353 590 2396; x_wconf 91' lang='lat' dir='ltr'><strong><em>est</em></strong></span> <span class='ocrx_word' id='word_1_146' title='bbox 611 2347 762 2396; x_wconf 88' lang='lat' dir='ltr'><strong><em>modo</em></strong></span> <span class='ocrx_word' id='word_1_147' title='bbox 786 2348 945 2409; x_wconf 82' lang='lat' dir='ltr'><strong><em>tristi,</em></strong></span> <span class='ocrx_word' id='word_1_148' title='bbox 967 2363 1109 2412; x_wconf 77' lang='lat' dir='ltr'><strong><em>saepe</em></strong></span> <span class='ocrx_word' id='word_1_149' title='bbox 1122 2350 1335 2413; x_wconf 87' lang='lat' dir='ltr'><strong><em>jocoso:</em></strong></span> <span class='ocrx_word' id='word_1_150' title='bbox 1378 2347 1576 2397; x_wconf 85' lang='lat' dir='ltr'><strong><em>Defen-</em></strong></span> 
     </span>
     <span class='ocr_line' id='line_1_24' title="bbox 509 2424 1575 2487; baseline -0.001 -14"><span class='ocrx_word' id='word_1_151' title='bbox 509 2424 668 2473; x_wconf 91' lang='lat' dir='ltr'><strong><em>dente</em></strong></span> <span class='ocrx_word' id='word_1_152' title='bbox 713 2425 877 2472; x_wconf 86' lang='lat' dir='ltr'><strong><em>vicem</em></strong></span> <span class='ocrx_word' id='word_1_153' title='bbox 922 2424 1073 2473; x_wconf 90' lang='lat' dir='ltr'><strong><em>modo</em></strong></span> <span class='ocrx_word' id='word_1_154' title='bbox 1118 2425 1377 2487; x_wconf 77' lang='lat' dir='ltr'><strong><em>RhetoriS,</em></strong></span> <span class='ocrx_word' id='word_1_155' title='bbox 1418 2432 1575 2487; x_wconf 88' lang='lat' dir='ltr'><strong><em>atque</em></strong></span> 
     </span>
     <span class='ocr_line' id='line_1_25' title="bbox 506 2498 1575 2564; baseline 0 -16"><span class='ocrx_word' id='word_1_156' title='bbox 506 2498 710 2563; x_wconf 70' lang='lat' dir='ltr'><strong><em>Poetae,</em></strong></span> <span class='ocrx_word' id='word_1_157' title='bbox 752 2500 1021 2549; x_wconf 85' lang='lat' dir='ltr'><strong><em>Interdum</em></strong></span> <span class='ocrx_word' id='word_1_158' title='bbox 1077 2501 1260 2549; x_wconf 85' lang='lat' dir='ltr'><strong><em>urbani</em></strong></span> <span class='ocrx_word' id='word_1_159' title='bbox 1316 2501 1575 2564; x_wconf 87' lang='lat' dir='ltr'><strong><em>parcentis</em></strong></span> 
     </span>
    </p>
   </div>
   <div class='ocr_carea' id='block_1_11' title="bbox 505 2575 1580 2641">
    <p class='ocr_par' dir='ltr' id='par_1_12' title="bbox 505 2575 1580 2641">
     <span class='ocr_line' id='line_1_26' title="bbox 505 2575 1580 2641; baseline 0 -18"><span class='ocrx_word' id='word_1_160' title='bbox 505 2575 722 2637; x_wconf 83' lang='lat' dir='ltr'><strong><em>viribus,</em></strong></span> <span class='ocrx_word' id='word_1_161' title='bbox 758 2584 915 2641; x_wconf 89' lang='lat' dir='ltr'><strong><em>atque</em></strong></span> <span class='ocrx_word' id='word_1_162' title='bbox 953 2577 1293 2626; x_wconf 74' lang='lat' dir='ltr'><strong><em>Extenuantis</em></strong></span> <span class='ocrx_word' id='word_1_163' title='bbox 1330 2591 1417 2626; x_wconf 87' lang='lat' dir='ltr'><strong><em>eas</em></strong></span> <span class='ocrx_word' id='word_1_164' title='bbox 1458 2590 1580 2625; x_wconf 90' lang='lat' dir='ltr'><strong><em>con-</em></strong></span> 
     </span>
    </p>
   </div>
   <div class='ocr_carea' id='block_1_12' title="bbox 500 2647 1575 4410">
    <p class='ocr_par' dir='ltr' id='par_1_13' title="bbox 503 2647 1575 2877">
     <span class='ocr_line' id='line_1_27' title="bbox 507 2647 1081 2703; baseline -0.007 -2"><span class='ocrx_word' id='word_1_165' title='bbox 507 2647 678 2703; x_wconf 64' lang='lat' dir='ltr'><strong><em>sulto!</em></strong></span> <span class='ocrx_word' id='word_1_166' title='bbox 1074 2686 1081 2697; x_wconf 89' lang='lat'><strong><em>.</em></strong></span> 
     </span>
     <span class='ocr_line' id='line_1_28' title="bbox 573 2733 1575 2799; baseline 0.003 -19"><span class='ocrx_word' id='word_1_167' title='bbox 573 2735 668 2781; x_wconf 88' lang='grc'><strong><em>112</em></strong></span> <span class='ocrx_word' id='word_1_168' title='bbox 704 2733 813 2781; x_wconf 83' lang='lat' dir='ltr'><strong><em>Hoc</em></strong></span> <span class='ocrx_word' id='word_1_169' title='bbox 835 2734 1001 2799; x_wconf 76' lang='lat' dir='ltr'><strong><em>juvat]</em></strong></span> <span class='ocrx_word' id='word_1_170' title='bbox 1065 2736 1252 2785; x_wconf 86' lang='lat' dir='ltr'><strong><em>Placet</em></strong></span> <span class='ocrx_word' id='word_1_171' title='bbox 1284 2734 1379 2785; x_wconf 85' lang='lat' dir='ltr'><strong><em>tibi</em></strong></span> <span class='ocrx_word' id='word_1_172' title='bbox 1403 2749 1575 2783; x_wconf 89' lang='lat' dir='ltr'><strong><em>meum</em></strong></span> 
     </span>
     <span class='ocr_line' id='line_1_29' title="bbox 503 2810 1573 2877; baseline 0.003 -18"><span class='ocrx_word' id='word_1_173' title='bbox 503 2810 601 2860; x_wconf 86' lang='lat' dir='ltr'><strong><em>hoc</em></strong></span> <span class='ocrx_word' id='word_1_174' title='bbox 630 2812 969 2876; x_wconf 88' lang='lat' dir='ltr'><strong><em>propositum,</em></strong></span> <span class='ocrx_word' id='word_1_175' title='bbox 993 2829 1023 2863; x_wconf 95' lang='lat' dir='ltr'><strong><em>o</em></strong></span> <span class='ocrx_word' id='word_1_176' title='bbox 1045 2816 1288 2877; x_wconf 89' lang='lat' dir='ltr'><strong><em>monitor,</em></strong></span> <span class='ocrx_word' id='word_1_177' title='bbox 1308 2813 1441 2862; x_wconf 90' lang='lat' dir='ltr'><strong><em>bene</em></strong></span> <span class='ocrx_word' id='word_1_178' title='bbox 1471 2819 1573 2862; x_wconf 88' lang='lat' dir='ltr'><strong><em>est.</em></strong></span> 
     </span>
    </p>

    <p class='ocr_par' dir='ltr' id='par_1_14' title="bbox 501 2887 1575 3796">
     <span class='ocr_line' id='line_1_30' title="bbox 572 2887 1574 2953; baseline 0.003 -19"><span class='ocrx_word' id='word_1_179' title='bbox 572 2887 690 2950; x_wconf 84' lang='lat' dir='ltr'><strong><em>Hic,</em></strong></span> <span class='ocrx_word' id='word_1_180' title='bbox 724 2887 900 2952; x_wconf 78' lang='lat' dir='ltr'><strong><em>inqu-is,</em></strong></span> <span class='ocrx_word' id='word_1_181' title='bbox 933 2889 1040 2953; x_wconf 58' lang='grc' dir='ltr'><strong><em>ὅπη]</em></strong></span> <span class='ocrx_word' id='word_1_182' title='bbox 1110 2889 1240 2939; x_wconf 80' lang='lat' dir='ltr'><strong><em>Haec</em></strong></span> <span class='ocrx_word' id='word_1_183' title='bbox 1265 2890 1345 2938; x_wconf 85' lang='lat' dir='ltr'><strong><em>vel</em></strong></span> <span class='ocrx_word' id='word_1_184' title='bbox 1370 2895 1459 2938; x_wconf 89' lang='lat' dir='ltr'><strong><em>tua</em></strong></span> <span class='ocrx_word' id='word_1_185' title='bbox 1488 2889 1574 2938; x_wconf 86' lang='lat' dir='ltr'><strong><em>vel</em></strong></span> 
     </span>
     <span class='ocr_line' id='line_1_31' title="bbox 505 2960 1574 3015; baseline 0.002 -2"><span class='ocrx_word' id='word_1_186' title='bbox 505 2960 730 3013; x_wconf 84' lang='lat' dir='ltr'><strong><em>Neronis</em></strong></span> <span class='ocrx_word' id='word_1_187' title='bbox 778 2966 1006 3014; x_wconf 88' lang='lat' dir='ltr'><strong><em>carmina</em></strong></span> <span class='ocrx_word' id='word_1_188' title='bbox 1060 2967 1272 3015; x_wconf 88' lang='lat' dir='ltr'><strong><em>satirica</em></strong></span> <span class='ocrx_word' id='word_1_189' title='bbox 1324 2965 1574 3015; x_wconf 87' lang='lat' dir='ltr'><strong><em>libertate</em></strong></span> 
     </span>
     <span class='ocr_line' id='line_1_32' title="bbox 504 3040 1573 3104; baseline 0.006 -16"><span class='ocrx_word' id='word_1_190' title='bbox 504 3040 686 3089; x_wconf 83' lang='lat' dir='ltr'><strong><em>violari</em></strong></span> <span class='ocrx_word' id='word_1_191' title='bbox 711 3042 951 3104; x_wconf 81' lang='lat' dir='ltr'><strong><em>prohibes</em></strong></span> <span class='ocrx_word' id='word_1_192' title='bbox 973 3062 987 3104; x_wconf 84' lang='lat'><em>3</em></span> <span class='ocrx_word' id='word_1_193' title='bbox 1022 3044 1087 3093; x_wconf 90' lang='lat' dir='ltr'><strong><em>ab</em></strong></span> <span class='ocrx_word' id='word_1_194' title='bbox 1111 3044 1187 3092; x_wconf 88' lang='lat' dir='ltr'><strong><em>his</em></strong></span> <span class='ocrx_word' id='word_1_195' title='bbox 1212 3044 1573 3094; x_wconf 86' lang='lat' dir='ltr'><strong><em>abstinendum</em></strong></span> 
     </span>
     <span class='ocr_line' id='line_1_33' title="bbox 501 3116 1569 3185; baseline 0.005 -20"><span class='ocrx_word' id='word_1_196' title='bbox 501 3116 694 3182; x_wconf 80' lang='lat' dir='ltr'>inquis,</span> <span class='ocrx_word' id='word_1_197' title='bbox 713 3125 772 3168; x_wconf 89' lang='lat' dir='ltr'><strong><em>ut</em></strong></span> <span class='ocrx_word' id='word_1_198' title='bbox 795 3134 825 3167; x_wconf 91' lang='lat' dir='ltr'><strong><em>a</em></strong></span> <span class='ocrx_word' id='word_1_199' title='bbox 846 3135 988 3169; x_wconf 90' lang='lat' dir='ltr'><strong><em>sacro</em></strong></span> <span class='ocrx_word' id='word_1_200' title='bbox 1010 3121 1122 3171; x_wconf 91' lang='lat' dir='ltr'><strong><em>loco</em></strong></span> <span class='ocrx_word' id='word_1_201' title='bbox 1146 3121 1533 3185; x_wconf 75' lang='lat' dir='ltr'><strong><em>conspui-cando</em></strong></span> <span class='ocrx_word' id='word_1_202' title='bbox 1556 3137 1569 3170; x_wconf 73' lang='grc' dir='ltr'>ε</span> 
     </span>
     <span class='ocr_line' id='line_1_34' title="bbox 504 3196 1575 3259; baseline 0.004 -17"><span class='ocrx_word' id='word_1_203' title='bbox 504 3206 630 3257; x_wconf 87' lang='lat' dir='ltr'><strong><em>ergo</em></strong></span> <span class='ocrx_word' id='word_1_204' title='bbox 669 3200 729 3242; x_wconf 88' lang='lat' dir='ltr'><strong><em>ut</em></strong></span> <span class='ocrx_word' id='word_1_205' title='bbox 764 3196 1057 3245; x_wconf 82' lang='lat' dir='ltr'><strong>sanctitatis</strong></span> <span class='ocrx_word' id='word_1_206' title='bbox 1080 3212 1254 3245; x_wconf 89' lang='lat' dir='ltr'><strong><em>eorum</em></strong></span> <span class='ocrx_word' id='word_1_207' title='bbox 1279 3197 1575 3259; x_wconf 87' lang='lat' dir='ltr'><strong><em>admonear,</em></strong></span> 
     </span>
     <span class='ocr_line' id='line_1_35' title="bbox 505 3270 1574 3337; baseline 0.005 -20"><span class='ocrx_word' id='word_1_208' title='bbox 505 3282 570 3318; x_wconf 90' lang='lat' dir='ltr'><strong><em>ne</em></strong></span> <span class='ocrx_word' id='word_1_209' title='bbox 611 3283 673 3318; x_wconf 85' lang='lat' dir='ltr'><strong><em>ea</em></strong></span> <span class='ocrx_word' id='word_1_210' title='bbox 708 3285 923 3335; x_wconf 90' lang='lat' dir='ltr'><strong><em>carpere</em></strong></span> <span class='ocrx_word' id='word_1_211' title='bbox 958 3272 1078 3320; x_wconf 88' lang='lat' dir='ltr'><strong><em>mihi</em></strong></span> <span class='ocrx_word' id='word_1_212' title='bbox 1115 3270 1252 3321; x_wconf 86' lang='lat' dir='ltr'><strong><em>forte</em></strong></span> <span class='ocrx_word' id='word_1_213' title='bbox 1287 3273 1574 3337; x_wconf 83' lang='lat' dir='ltr'><strong><em>contingat,</em></strong></span> 
     </span>
     <span class='ocr_line' id='line_1_36' title="bbox 502 3348 1570 3414; baseline 0.006 -22"><span class='ocrx_word' id='word_1_214' title='bbox 502 3359 707 3410; x_wconf 89' lang='lat' dir='ltr'><strong><em>appone</em></strong></span> <span class='ocrx_word' id='word_1_215' title='bbox 729 3356 878 3396; x_wconf 90' lang='lat' dir='ltr'><strong><em>notas</em></strong></span> <span class='ocrx_word' id='word_1_216' title='bbox 902 3348 1117 3413; x_wconf 87' lang='lat' dir='ltr'><strong><em>aliquas,</em></strong></span> <span class='ocrx_word' id='word_1_217' title='bbox 1139 3349 1570 3414; x_wconf 87' lang='lat' dir='ltr'>quemadmodum</span> 
     </span>
     <span class='ocr_line' id='line_1_37' title="bbox 503 3419 1571 3489; baseline 0.006 -21"><span class='ocrx_word' id='word_1_218' title='bbox 503 3419 559 3469; x_wconf 88' lang='lat' dir='ltr'><strong><em>in</em></strong></span> <span class='ocrx_word' id='word_1_219' title='bbox 593 3421 722 3470; x_wconf 89' lang='lat' dir='ltr'><strong><em>locis</em></strong></span> <span class='ocrx_word' id='word_1_220' title='bbox 758 3424 916 3472; x_wconf 87' lang='lat' dir='ltr'><strong><em>sacris</em></strong></span> <span class='ocrx_word' id='word_1_221' title='bbox 940 3425 1152 3489; x_wconf 84' lang='lat' dir='ltr'><strong><em>appingi</em></strong></span> <span class='ocrx_word' id='word_1_222' title='bbox 1187 3426 1356 3475; x_wconf 86' lang='lat' dir='ltr'><strong>solent</strong></span> <span class='ocrx_word' id='word_1_223' title='bbox 1392 3425 1571 3475; x_wconf 85' lang='lat' dir='ltr'><strong><em>draco-</em></strong></span> 
     </span>
     <span class='ocr_line' id='line_1_38' title="bbox 503 3504 1570 3567; baseline 0.005 -18"><span class='ocrx_word' id='word_1_224' title='bbox 503 3515 597 3550; x_wconf 85' lang='lat' dir='ltr'><strong><em>nes</em></strong></span> <span class='ocrx_word' id='word_1_225' title='bbox 619 3509 674 3550; x_wconf 92' lang='lat' dir='ltr'><strong><em>et</em></strong></span> <span class='ocrx_word' id='word_1_226' title='bbox 697 3509 985 3567; x_wconf 88' lang='lat' dir='ltr'><strong><em>serpentes,</em></strong></span> <span class='ocrx_word' id='word_1_227' title='bbox 1024 3504 1130 3553; x_wconf 87' lang='lat' dir='ltr'><strong><em>sive</em></strong></span> <span class='ocrx_word' id='word_1_228' title='bbox 1170 3510 1231 3554; x_wconf 91' lang='lat' dir='ltr'><strong><em>ut</em></strong></span> <span class='ocrx_word' id='word_1_229' title='bbox 1260 3505 1453 3555; x_wconf 87' lang='lat' dir='ltr'><strong><em>Genios</em></strong></span> <span class='ocrx_word' id='word_1_230' title='bbox 1492 3520 1570 3554; x_wconf 88' lang='lat' dir='ltr'><strong><em>sa-</em></strong></span> 
     </span>
     <span class='ocr_line' id='line_1_39' title="bbox 504 3580 1570 3645; baseline 0.005 -19"><span class='ocrx_word' id='word_1_231' title='bbox 504 3592 620 3627; x_wconf 90' lang='lat' dir='ltr'><strong><em>cros</em></strong></span> <span class='ocrx_word' id='word_1_232' title='bbox 663 3594 722 3627; x_wconf 90' lang='lat' dir='ltr'><strong><em>ac</em></strong></span> <span class='ocrx_word' id='word_1_233' title='bbox 771 3581 914 3629; x_wconf 90' lang='lat' dir='ltr'><strong><em>Deos</em></strong></span> <span class='ocrx_word' id='word_1_234' title='bbox 957 3580 1229 3631; x_wconf 88' lang='lat' dir='ltr'><strong><em>Tutelares</em></strong></span> <span class='ocrx_word' id='word_1_235' title='bbox 1271 3581 1570 3645; x_wconf 81' lang='lat' dir='ltr'><strong><em>exhibeant,</em></strong></span> 
     </span>
     <span class='ocr_line' id='line_1_40' title="bbox 505 3654 1571 3723; baseline 0.004 -20"><span class='ocrx_word' id='word_1_236' title='bbox 505 3654 612 3704; x_wconf 86' lang='lat' dir='ltr'><strong><em>sive</em></strong></span> <span class='ocrx_word' id='word_1_237' title='bbox 652 3661 710 3704; x_wconf 92' lang='lat' dir='ltr'><strong><em>ut</em></strong></span> <span class='ocrx_word' id='word_1_238' title='bbox 748 3655 994 3705; x_wconf 86' lang='lat' dir='ltr'><strong><em>terribilis</em></strong></span> <span class='ocrx_word' id='word_1_239' title='bbox 1032 3657 1131 3706; x_wconf 78' lang='lat' dir='ltr'><strong><em>illa‘</em></strong></span> <span class='ocrx_word' id='word_1_240' title='bbox 1156 3657 1357 3723; x_wconf 87' lang='lat' dir='ltr'><strong><em>species</em></strong></span> <span class='ocrx_word' id='word_1_241' title='bbox 1395 3665 1571 3707; x_wconf 84' lang='lat' dir='ltr'><strong><em>arceat</em></strong></span> 
     </span>
     <span class='ocr_line' id='line_1_41' title="bbox 503 3730 763 3796; baseline 0.004 -16"><span class='ocrx_word' id='word_1_242' title='bbox 503 3730 763 3796; x_wconf 75' lang='lat' dir='ltr'><strong><em>profanos,</em></strong></span> 
     </span>
    </p>

    <p class='ocr_par' dir='ltr' id='par_1_15' title="bbox 500 3810 1570 4410">
     <span class='ocr_line' id='line_1_42' title="bbox 573 3810 1569 3875; baseline 0.002 -19"><span class='ocrx_word' id='word_1_243' title='bbox 573 3813 665 3860; x_wconf 81' lang='grc'><strong><em>113</em></strong></span> <span class='ocrx_word' id='word_1_244' title='bbox 702 3810 858 3870; x_wconf 82' lang='lat' dir='ltr'><strong><em>Pinge</em></strong></span> <span class='ocrx_word' id='word_1_245' title='bbox 879 3810 996 3858; x_wconf 80' lang='lat' dir='ltr'><strong><em>duos</em></strong></span> <span class='ocrx_word' id='word_1_246' title='bbox 1014 3810 1214 3875; x_wconf 80' lang='lat' dir='ltr'><strong><em>angues]</em></strong></span> <span class='ocrx_word' id='word_1_247' title='bbox 1261 3810 1415 3864; x_wconf 82' lang='lat' dir='ltr'><strong><em>Quod</em></strong></span> <span class='ocrx_word' id='word_1_248' title='bbox 1440 3811 1569 3861; x_wconf 88' lang='lat' dir='ltr'><strong><em>anti-</em></strong></span> 
     </span>
     <span class='ocr_line' id='line_1_43' title="bbox 505 3884 1569 3951; baseline 0.003 -19"><span class='ocrx_word' id='word_1_249' title='bbox 505 3884 593 3951; x_wconf 89' lang='lat' dir='ltr'><strong><em>qui</em></strong></span> <span class='ocrx_word' id='word_1_250' title='bbox 619 3885 711 3935; x_wconf 89' lang='lat' dir='ltr'><strong><em>sub</em></strong></span> <span class='ocrx_word' id='word_1_251' title='bbox 747 3886 921 3950; x_wconf 91' lang='lat' dir='ltr'><strong><em>specie</em></strong></span> <span class='ocrx_word' id='word_1_252' title='bbox 955 3886 1233 3935; x_wconf 75' lang='lat' dir='ltr'><strong><em>draconum</em></strong></span> <span class='ocrx_word' id='word_1_253' title='bbox 1269 3894 1324 3936; x_wconf 87' lang='lat' dir='ltr'><strong><em>et</em></strong></span> <span class='ocrx_word' id='word_1_254' title='bbox 1360 3900 1569 3951; x_wconf 88' lang='lat' dir='ltr'><strong><em>serpen-</em></strong></span> 
     </span>
     <span class='ocr_line' id='line_1_44' title="bbox 503 3961 1569 4013; baseline 0.002 -2"><span class='ocrx_word' id='word_1_255' title='bbox 503 3967 615 4011; x_wconf 89' lang='lat' dir='ltr'><strong><em>tum</em></strong></span> <span class='ocrx_word' id='word_1_256' title='bbox 657 3961 911 4010; x_wconf 80' lang='lat' dir='ltr'><strong><em>coluerint</em></strong></span> <span class='ocrx_word' id='word_1_257' title='bbox 933 3962 1076 4011; x_wconf 87' lang='lat' dir='ltr'><strong><em>Deos</em></strong></span> <span class='ocrx_word' id='word_1_258' title='bbox 1112 3970 1168 4012; x_wconf 89' lang='lat' dir='ltr'><strong><em>et</em></strong></span> <span class='ocrx_word' id='word_1_259' title='bbox 1200 3965 1427 4012; x_wconf 89' lang='lat' dir='ltr'><strong><em>locorum</em></strong></span> <span class='ocrx_word' id='word_1_260' title='bbox 1464 3963 1569 4013; x_wconf 85' lang='lat' dir='ltr'><strong><em>Ge-</em></strong></span> 
     </span>
     <span class='ocr_line' id='line_1_45' title="bbox 503 4038 1569 4092; baseline 0.002 -5"><span class='ocrx_word' id='word_1_261' title='bbox 503 4038 613 4087; x_wconf 89' lang='lat' dir='ltr'><strong><em>nios</em></strong></span> <span class='ocrx_word' id='word_1_262' title='bbox 636 4045 834 4087; x_wconf 88' lang='lat' dir='ltr'><strong><em>constat</em></strong></span> <span class='ocrx_word' id='word_1_263' title='bbox 857 4052 923 4086; x_wconf 88' lang='lat' dir='ltr'><strong><em>ex</em></strong></span> <span class='ocrx_word' id='word_1_264' title='bbox 946 4039 1215 4092; x_wconf 85' lang='lat' dir='ltr'><strong><em>Herodoto</em></strong></span> <span class='ocrx_word' id='word_1_265' title='bbox 1257 4040 1293 4091; x_wconf 91' lang='lat' dir='ltr'><strong><em>l.</em></strong></span> <span class='ocrx_word' id='word_1_266' title='bbox 1315 4054 1440 4092; x_wconf 86' lang='lat' dir='ltr'><strong><em>vm.</em></strong></span> <span class='ocrx_word' id='word_1_267' title='bbox 1476 4041 1569 4092; x_wconf 85' lang='lat' dir='ltr'><strong><em>ubi</em></strong></span> 
     </span>
     <span class='ocr_line' id='line_1_46' title="bbox 505 4113 1570 4181; baseline 0.006 -20"><span class='ocrx_word' id='word_1_268' title='bbox 505 4113 572 4162; x_wconf 87' lang='lat' dir='ltr'><strong><em>de</em></strong></span> <span class='ocrx_word' id='word_1_269' title='bbox 599 4127 766 4175; x_wconf 88' lang='lat' dir='ltr'><strong><em>angue</em></strong></span> <span class='ocrx_word' id='word_1_270' title='bbox 808 4114 951 4163; x_wconf 87' lang='lat' dir='ltr'><strong><em>Arcis</em></strong></span> <span class='ocrx_word' id='word_1_271' title='bbox 975 4115 1296 4168; x_wconf 83' lang='lat' dir='ltr'><strong><em>Athenarum</em></strong></span> <span class='ocrx_word' id='word_1_272' title='bbox 1332 4117 1570 4181; x_wconf 88' lang='lat' dir='ltr'><strong><em>custode,</em></strong></span> 
     </span>
     <span class='ocr_line' id='line_1_47' title="bbox 504 4189 1566 4255; baseline 0.007 -18"><span class='ocrx_word' id='word_1_273' title='bbox 504 4189 728 4255; x_wconf 89' lang='lat' dir='ltr'><strong><em>Deoque</em></strong></span> <span class='ocrx_word' id='word_1_274' title='bbox 749 4190 982 4241; x_wconf 88' lang='lat' dir='ltr'><strong><em>Tutelari</em></strong></span> <span class='ocrx_word' id='word_1_275' title='bbox 1020 4194 1181 4244; x_wconf 83' lang='lat' dir='ltr'><strong><em>verba</em></strong></span> <span class='ocrx_word' id='word_1_276' title='bbox 1214 4193 1360 4245; x_wconf 83' lang='lat' dir='ltr'><strong><em>facit.</em></strong></span> <span class='ocrx_word' id='word_1_277' title='bbox 1428 4196 1566 4244; x_wconf 87' lang='lat' dir='ltr'><strong><em>Item</em></strong></span> 
     </span>
     <span class='ocr_line' id='line_1_48' title="bbox 504 4264 1566 4321; baseline 0.005 -7"><span class='ocrx_word' id='word_1_278' title='bbox 504 4264 597 4314; x_wconf 85' lang='lat' dir='ltr'><strong><em>lib.</em></strong></span> <span class='ocrx_word' id='word_1_279' title='bbox 622 4278 685 4314; x_wconf 88' lang='lat'><strong><em>11.</em></strong></span> <span class='ocrx_word' id='word_1_280' title='bbox 723 4266 798 4315; x_wconf 90' lang='lat' dir='ltr'><strong><em>ait</em></strong></span> <span class='ocrx_word' id='word_1_281' title='bbox 836 4267 976 4318; x_wconf 88' lang='lat' dir='ltr'><strong><em>circa</em></strong></span> <span class='ocrx_word' id='word_1_282' title='bbox 1007 4269 1209 4321; x_wconf 88' lang='lat' dir='ltr'><strong><em>Thebas</em></strong></span> <span class='ocrx_word' id='word_1_283' title='bbox 1247 4285 1421 4321; x_wconf 88' lang='lat' dir='ltr'><strong><em>sacros</em></strong></span> <span class='ocrx_word' id='word_1_284' title='bbox 1452 4286 1566 4321; x_wconf 88' lang='lat' dir='ltr'><strong><em>esse</em></strong></span> 
     </span>
     <span class='ocr_line' id='line_1_49' title="bbox 500 4345 1565 4410; baseline 0.005 -19"><span class='ocrx_word' id='word_1_285' title='bbox 500 4348 795 4407; x_wconf 80' lang='lat' dir='ltr'><strong><em>serpentes,</em></strong></span> <span class='ocrx_word' id='word_1_286' title='bbox 830 4345 918 4410; x_wconf 90' lang='lat' dir='ltr'><strong><em>qui</em></strong></span> <span class='ocrx_word' id='word_1_287' title='bbox 954 4347 1146 4397; x_wconf 86' lang='lat' dir='ltr'><strong><em>mortui</em></strong></span> <span class='ocrx_word' id='word_1_288' title='bbox 1181 4347 1235 4397; x_wconf 88' lang='lat' dir='ltr'><strong><em>in</em></strong></span> <span class='ocrx_word' id='word_1_289' title='bbox 1272 4346 1418 4398; x_wconf 81' lang='lat' dir='ltr'><strong><em>Jovis</em></strong></span> <span class='ocrx_word' id='word_1_290' title='bbox 1453 4347 1565 4398; x_wconf 81' lang='lat' dir='ltr'><strong><em>aede</em></strong></span> 
     </span>
    </p>
   </div>
   <div class='ocr_carea' id='block_1_13' title="bbox 1573 3732 2321 3796">
    <p class='ocr_par' dir='ltr' id='par_1_16' title="bbox 1573 3732 2321 3796">
     <span class='ocr_line' id='line_1_50' title="bbox 1573 3732 2321 3796; baseline 0.005 -17"><span class='ocrx_word' id='word_1_291' title='bbox 1573 3732 1580 3741; x_wconf 77' lang='lat'><strong><em>‘</em></strong></span> <span class='ocrx_word' id='word_1_292' title='bbox 1621 3732 1784 3796; x_wconf 61' lang='lat' dir='ltr'><strong><em>2pelle</em></strong></span> <span class='ocrx_word' id='word_1_293' title='bbox 1822 3733 2104 3781; x_wconf 76' lang='lat' dir='ltr'><strong><em>senectutis</em></strong></span> <span class='ocrx_word' id='word_1_294' title='bbox 2146 3740 2321 3783; x_wconf 88' lang='lat' dir='ltr'><strong><em>exuta.</em></strong></span> 
     </span>
    </p>
   </div>
   <div class='ocr_carea' id='block_1_14' title="bbox 1645 1656 2740 4412">
    <p class='ocr_par' dir='ltr' id='par_1_17' title="bbox 1645 1656 2740 4412">
     <span class='ocr_line' id='line_1_51' title="bbox 1656 1656 2723 1725; baseline -0.003 -16"><span class='ocrx_word' id='word_1_295' title='bbox 1656 1660 1993 1725; x_wconf 83' lang='lat' dir='ltr'><strong><em>sepeliantur.</em></strong></span> <span class='ocrx_word' id='word_1_296' title='bbox 2063 1660 2206 1710; x_wconf 82' lang='lat' dir='ltr'><strong><em>Nota</em></strong></span> <span class='ocrx_word' id='word_1_297' title='bbox 2236 1659 2393 1708; x_wconf 88' lang='lat' dir='ltr'><strong><em>etiam</em></strong></span> <span class='ocrx_word' id='word_1_298' title='bbox 2416 1662 2494 1707; x_wconf 87' lang='lat' dir='ltr'><strong><em>est</em></strong></span> <span class='ocrx_word' id='word_1_299' title='bbox 2511 1656 2723 1706; x_wconf 86' lang='lat' dir='ltr'><strong><em>historia</em></strong></span> 
     </span>
     <span class='ocr_line' id='line_1_52' title="bbox 1655 1735 2722 1802; baseline -0.005 -14"><span class='ocrx_word' id='word_1_300' title='bbox 1655 1739 1722 1788; x_wconf 89' lang='lat' dir='ltr'><strong><em>de</em></strong></span> <span class='ocrx_word' id='word_1_301' title='bbox 1757 1747 1999 1802; x_wconf 86' lang='lat' dir='ltr'><strong><em>serpente</em></strong></span> <span class='ocrx_word' id='word_1_302' title='bbox 2041 1737 2324 1801; x_wconf 89' lang='lat' dir='ltr'><strong><em>Epidaurio</em></strong></span> <span class='ocrx_word' id='word_1_303' title='bbox 2365 1737 2583 1785; x_wconf 90' lang='lat' dir='ltr'><strong><em>devecto</em></strong></span> <span class='ocrx_word' id='word_1_304' title='bbox 2620 1735 2722 1784; x_wconf 90' lang='lat' dir='ltr'><strong><em>Ro-</em></strong></span> 
     </span>
     <span class='ocr_line' id='line_1_53' title="bbox 1655 1811 2720 1877; baseline -0.005 -13"><span class='ocrx_word' id='word_1_305' title='bbox 1655 1830 1810 1877; x_wconf 87' lang='lat' dir='ltr'><strong><em>mam,</em></strong></span> <span class='ocrx_word' id='word_1_306' title='bbox 1830 1823 1885 1864; x_wconf 92' lang='lat' dir='ltr'><strong><em>et</em></strong></span> <span class='ocrx_word' id='word_1_307' title='bbox 1903 1821 2172 1864; x_wconf 84' lang='lat' dir='ltr'><strong><em>exstructa</em></strong></span> <span class='ocrx_word' id='word_1_308' title='bbox 2191 1813 2301 1861; x_wconf 83' lang='lat' dir='ltr'><strong><em>aede</em></strong></span> <span class='ocrx_word' id='word_1_309' title='bbox 2325 1813 2470 1862; x_wconf 85' lang='lat' dir='ltr'><strong><em>culto</em></strong></span> <span class='ocrx_word' id='word_1_310' title='bbox 2491 1811 2601 1860; x_wconf 89' lang='lat' dir='ltr'><strong><em>illic</em></strong></span> <span class='ocrx_word' id='word_1_311' title='bbox 2625 1825 2720 1873; x_wconf 93' lang='lat' dir='ltr'><strong><em>pro</em></strong></span> 
     </span>
     <span class='ocr_line' id='line_1_54' title="bbox 1655 1886 2721 1956; baseline -0.006 -13"><span class='ocrx_word' id='word_1_312' title='bbox 1655 1893 1973 1956; x_wconf 77' lang='lat' dir='ltr'><strong><em>AEsculapio,</em></strong></span> <span class='ocrx_word' id='word_1_313' title='bbox 2003 1893 2068 1941; x_wconf 90' lang='lat' dir='ltr'><strong><em>de</em></strong></span> <span class='ocrx_word' id='word_1_314' title='bbox 2095 1906 2194 1956; x_wconf 89' lang='lat' dir='ltr'><strong><em>qno</em></strong></span> <span class='ocrx_word' id='word_1_315' title='bbox 2217 1891 2331 1954; x_wconf 85' lang='lat' dir='ltr'><strong><em>lege</em></strong></span> <span class='ocrx_word' id='word_1_316' title='bbox 2362 1889 2471 1938; x_wconf 85' lang='lat' dir='ltr'><strong><em>Tit.</em></strong></span> <span class='ocrx_word' id='word_1_317' title='bbox 2492 1886 2608 1936; x_wconf 90' lang='lat' dir='ltr'><strong><em>Liv.</em></strong></span> <span class='ocrx_word' id='word_1_318' title='bbox 2632 1886 2721 1937; x_wconf 90' lang='lat' dir='ltr'><strong><em>lib.</em></strong></span> 
     </span>
     <span class='ocr_line' id='line_1_55' title="bbox 1658 1962 2721 2030; baseline -0.007 -13"><span class='ocrx_word' id='word_1_319' title='bbox 1658 1982 1715 2019; x_wconf 86' lang='lat' dir='ltr'><strong><em>x.</em></strong></span> <span class='ocrx_word' id='word_1_320' title='bbox 1763 1970 1989 2030; x_wconf 88' lang='lat' dir='ltr'><strong><em>Florum,</em></strong></span> <span class='ocrx_word' id='word_1_321' title='bbox 2029 1968 2118 2017; x_wconf 89' lang='lat' dir='ltr'><strong><em>lib.</em></strong></span> <span class='ocrx_word' id='word_1_322' title='bbox 2159 1981 2238 2018; x_wconf 75' lang='lat' dir='ltr'><strong><em>xx.</em></strong></span> <span class='ocrx_word' id='word_1_323' title='bbox 2321 1964 2628 2014; x_wconf 80' lang='lat' dir='ltr'><strong><em>Pausaniam</em></strong></span> <span class='ocrx_word' id='word_1_324' title='bbox 2666 1962 2721 2011; x_wconf 89' lang='lat' dir='ltr'><strong><em>in</em></strong></span> 
     </span>
     <span class='ocr_line' id='line_1_56' title="bbox 1657 2040 2740 2106; baseline -0.008 -10"><span class='ocrx_word' id='word_1_325' title='bbox 1657 2044 2035 2097; x_wconf 82' lang='lat' dir='ltr'><strong><em>Corinthiacis:</em></strong></span> <span class='ocrx_word' id='word_1_326' title='bbox 2072 2051 2129 2092; x_wconf 92' lang='lat' dir='ltr'><strong><em>et</em></strong></span> <span class='ocrx_word' id='word_1_327' title='bbox 2150 2043 2292 2093; x_wconf 80' lang='lat' dir='ltr'><strong><em>alios.</em></strong></span> <span class='ocrx_word' id='word_1_328' title='bbox 2360 2040 2603 2106; x_wconf 83' lang='lat' dir='ltr'><strong><em>Virgilius</em></strong></span> <span class='ocrx_word' id='word_1_329' title='bbox 2636 2054 2740 2103; x_wconf 43' lang='lat' dir='ltr'><strong><em>aug</em></strong></span> 
     </span>
     <span class='ocr_line' id='line_1_57' title="bbox 1658 2113 2727 2184; baseline -0.007 -13"><span class='ocrx_word' id='word_1_330' title='bbox 1658 2129 1763 2171; x_wconf 89' lang='lat' dir='ltr'><strong><em>tem</em></strong></span> <span class='ocrx_word' id='word_1_331' title='bbox 1785 2121 1986 2170; x_wconf 86' lang='lat' dir='ltr'><strong><em>AEneid.</em></strong></span> <span class='ocrx_word' id='word_1_332' title='bbox 2016 2133 2067 2168; x_wconf 82' lang='lat' dir='ltr'><strong><em>v.</em></strong></span> <span class='ocrx_word' id='word_1_333' title='bbox 2093 2124 2174 2169; x_wconf 83' lang='lat'><strong><em>82.</em></strong></span> <span class='ocrx_word' id='word_1_334' title='bbox 2215 2127 2483 2184; x_wconf 83' lang='lat' dir='ltr'><strong><em>postquam</em></strong></span> <span class='ocrx_word' id='word_1_335' title='bbox 2519 2131 2585 2163; x_wconf 87' lang='lat' dir='ltr'><strong><em>ex</em></strong></span> <span class='ocrx_word' id='word_1_336' title='bbox 2617 2113 2727 2164; x_wconf 88' lang='lat' dir='ltr'><strong><em>An-</em></strong></span> 
     </span>
     <span class='ocr_line' id='line_1_58' title="bbox 1656 2192 2722 2259; baseline -0.008 -10"><span class='ocrx_word' id='word_1_337' title='bbox 1656 2199 1809 2249; x_wconf 86' lang='lat' dir='ltr'><strong><em>chisae</em></strong></span> <span class='ocrx_word' id='word_1_338' title='bbox 1833 2197 2030 2246; x_wconf 86' lang='lat' dir='ltr'><strong><em>tumulo</em></strong></span> <span class='ocrx_word' id='word_1_339' title='bbox 2054 2211 2271 2259; x_wconf 84' lang='lat' dir='ltr'><strong><em>anguem</em></strong></span> <span class='ocrx_word' id='word_1_340' title='bbox 2295 2195 2483 2243; x_wconf 69' lang='lat' dir='ltr'><strong><em>exiisse</em></strong></span> <span class='ocrx_word' id='word_1_341' title='bbox 2522 2192 2722 2258; x_wconf 84' lang='lat' dir='ltr'><strong><em>retulit,</em></strong></span> 
     </span>
     <span class='ocr_line' id='line_1_59' title="bbox 1654 2268 2721 2338; baseline -0.007 -14"><span class='ocrx_word' id='word_1_342' title='bbox 1654 2274 1917 2338; x_wconf 86' lang='lat' dir='ltr'><strong><em>subjungit</em></strong></span> <span class='ocrx_word' id='word_1_343' title='bbox 1961 2272 2026 2320; x_wconf 89' lang='lat' dir='ltr'><strong><em>de</em></strong></span> <span class='ocrx_word' id='word_1_344' title='bbox 2074 2271 2254 2336; x_wconf 85' lang='lat' dir='ltr'><strong><em>AEnea,</em></strong></span> <span class='ocrx_word' id='word_1_345' title='bbox 2294 2270 2570 2319; x_wconf 83' lang='lat' dir='ltr'><strong><em>‘Incertus</em></strong></span> <span class='ocrx_word' id='word_1_346' title='bbox 2617 2268 2721 2318; x_wconf 85' lang='lat' dir='ltr'><strong><em>Ge-</em></strong></span> 
     </span>
     <span class='ocr_line' id='line_1_60' title="bbox 1656 2346 2722 2411; baseline -0.004 -12"><span class='ocrx_word' id='word_1_347' title='bbox 1656 2351 1861 2400; x_wconf 91' lang='lat' dir='ltr'><strong><em>niumne</em></strong></span> <span class='ocrx_word' id='word_1_348' title='bbox 1887 2350 1992 2403; x_wconf 81' lang='lat' dir='ltr'><strong><em>loci</em></strong></span> <span class='ocrx_word' id='word_1_349' title='bbox 2006 2349 2318 2398; x_wconf 84' lang='lat' dir='ltr'><strong><em>famulumne</em></strong></span> <span class='ocrx_word' id='word_1_350' title='bbox 2341 2346 2571 2411; x_wconf 87' lang='lat' dir='ltr'><strong><em>parentis</em></strong></span> <span class='ocrx_word' id='word_1_351' title='bbox 2591 2348 2722 2395; x_wconf 89' lang='lat' dir='ltr'><strong><em>Esse</em></strong></span> 
     </span>
     <span class='ocr_line' id='line_1_61' title="bbox 1656 2423 2722 2492; baseline -0.005 -15"><span class='ocrx_word' id='word_1_352' title='bbox 1656 2427 1840 2492; x_wconf 68' lang='lat' dir='ltr'><strong><em>putet!</em></strong></span> <span class='ocrx_word' id='word_1_353' title='bbox 1910 2425 2220 2492; x_wconf 87' lang='lat' dir='ltr'><strong><em>Propertius</em></strong></span> <span class='ocrx_word' id='word_1_354' title='bbox 2243 2426 2391 2488; x_wconf 88' lang='lat' dir='ltr'><strong><em>Eleg.</em></strong></span> <span class='ocrx_word' id='word_1_355' title='bbox 2414 2439 2491 2473; x_wconf 87' lang='lat' dir='ltr'><strong><em>1v.</em></strong></span> <span class='ocrx_word' id='word_1_356' title='bbox 2519 2427 2566 2473; x_wconf 87' lang='grc'><strong><em>8.</em></strong></span> <span class='ocrx_word' id='word_1_357' title='bbox 2589 2423 2604 2450; x_wconf 86' lang='lat'>‘</span> <span class='ocrx_word' id='word_1_358' title='bbox 2625 2424 2722 2473; x_wconf 89' lang='lat' dir='ltr'><strong><em>La-</em></strong></span> 
     </span>
     <span class='ocr_line' id='line_1_62' title="bbox 1654 2500 2723 2561; baseline -0.005 -9"><span class='ocrx_word' id='word_1_359' title='bbox 1654 2504 1866 2553; x_wconf 89' lang='lat' dir='ltr'><strong><em>nuvium</em></strong></span> <span class='ocrx_word' id='word_1_360' title='bbox 1889 2502 2067 2552; x_wconf 82' lang='lat' dir='ltr'><strong><em>annosi</em></strong></span> <span class='ocrx_word' id='word_1_361' title='bbox 2090 2511 2238 2551; x_wconf 88' lang='lat' dir='ltr'><strong><em>vetus</em></strong></span> <span class='ocrx_word' id='word_1_362' title='bbox 2279 2511 2358 2553; x_wconf 83' lang='lat' dir='ltr'><strong><em>est</em></strong></span> <span class='ocrx_word' id='word_1_363' title='bbox 2392 2501 2557 2550; x_wconf 88' lang='lat' dir='ltr'><strong><em>tutela</em></strong></span> <span class='ocrx_word' id='word_1_364' title='bbox 2585 2500 2723 2561; x_wconf 76' lang='lat' dir='ltr'><strong><em>Dra-</em></strong></span> 
     </span>
     <span class='ocr_line' id='line_1_63' title="bbox 1655 2575 2725 2643; baseline -0.007 -12"><span class='ocrx_word' id='word_1_365' title='bbox 1655 2580 1833 2632; x_wconf 65' lang='lat' dir='ltr'><strong><em>conis!</em></strong></span> <span class='ocrx_word' id='word_1_366' title='bbox 1925 2581 2064 2629; x_wconf 89' lang='lat' dir='ltr'><strong><em>Hinc</em></strong></span> <span class='ocrx_word' id='word_1_367' title='bbox 2101 2594 2223 2643; x_wconf 84' lang='lat' dir='ltr'><strong><em>ergo</em></strong></span> <span class='ocrx_word' id='word_1_368' title='bbox 2265 2584 2345 2627; x_wconf 90' lang='lat' dir='ltr'><strong><em>est</em></strong></span> <span class='ocrx_word' id='word_1_369' title='bbox 2385 2576 2521 2641; x_wconf 90' lang='lat' dir='ltr'><strong><em>quod</em></strong></span> <span class='ocrx_word' id='word_1_370' title='bbox 2564 2575 2725 2624; x_wconf 86' lang='lat' dir='ltr'><strong><em>sacris</em></strong></span> 
     </span>
     <span class='ocr_line' id='line_1_64' title="bbox 1655 2654 2723 2718; baseline -0.007 -10"><span class='ocrx_word' id='word_1_371' title='bbox 1655 2659 1788 2709; x_wconf 89' lang='lat' dir='ltr'><strong><em>locis</em></strong></span> <span class='ocrx_word' id='word_1_372' title='bbox 1830 2660 2129 2708; x_wconf 83' lang='lat' dir='ltr'><strong><em>Draconum</em></strong></span> <span class='ocrx_word' id='word_1_373' title='bbox 2169 2654 2345 2718; x_wconf 80' lang='lat' dir='ltr'><strong><em>figurae</em></strong></span> <span class='ocrx_word' id='word_1_374' title='bbox 2385 2654 2723 2718; x_wconf 85' lang='lat' dir='ltr'><strong><em>appingeren-</em></strong></span> 
     </span>
     <span class='ocr_line' id='line_1_65' title="bbox 1657 2730 2721 2797; baseline -0.007 -14"><span class='ocrx_word' id='word_1_375' title='bbox 1657 2742 1760 2797; x_wconf 88' lang='lat' dir='ltr'><strong><em>tur,</em></strong></span> <span class='ocrx_word' id='word_1_376' title='bbox 1780 2740 1841 2783; x_wconf 89' lang='lat' dir='ltr'><strong><em>ut</em></strong></span> <span class='ocrx_word' id='word_1_377' title='bbox 1860 2739 2038 2783; x_wconf 91' lang='lat' dir='ltr'><strong><em>auctor</em></strong></span> <span class='ocrx_word' id='word_1_378' title='bbox 2063 2739 2144 2781; x_wconf 91' lang='lat' dir='ltr'><strong><em>est</em></strong></span> <span class='ocrx_word' id='word_1_379' title='bbox 2177 2730 2452 2779; x_wconf 86' lang='lat' dir='ltr'><strong><em>Turnebus</em></strong></span> <span class='ocrx_word' id='word_1_380' title='bbox 2487 2742 2615 2778; x_wconf 83' lang='lat' dir='ltr'><strong><em>xm.</em></strong></span> <span class='ocrx_word' id='word_1_381' title='bbox 2641 2732 2721 2777; x_wconf 84' lang='lat'><strong><em>12.</em></strong></span> 
     </span>
     <span class='ocr_line' id='line_1_66' title="bbox 1656 2806 2723 2862; baseline -0.006 -1"><span class='ocrx_word' id='word_1_382' title='bbox 1656 2818 1710 2862; x_wconf 91' lang='lat' dir='ltr'><strong><em>et</em></strong></span> <span class='ocrx_word' id='word_1_383' title='bbox 1733 2825 1847 2861; x_wconf 75' lang='lat' dir='ltr'><strong><em>xiv.</em></strong></span> <span class='ocrx_word' id='word_1_384' title='bbox 1871 2815 1919 2860; x_wconf 87' lang='grc'><strong><em>4.</em></strong></span> <span class='ocrx_word' id='word_1_385' title='bbox 1960 2809 2051 2860; x_wconf 89' lang='lat' dir='ltr'><strong><em>ubi</em></strong></span> <span class='ocrx_word' id='word_1_386' title='bbox 2088 2816 2144 2858; x_wconf 92' lang='lat' dir='ltr'><strong><em>et</em></strong></span> <span class='ocrx_word' id='word_1_387' title='bbox 2181 2810 2350 2858; x_wconf 89' lang='lat' dir='ltr'><strong><em>locum</em></strong></span> <span class='ocrx_word' id='word_1_388' title='bbox 2385 2808 2521 2857; x_wconf 90' lang='lat' dir='ltr'><strong><em>hunc</em></strong></span> <span class='ocrx_word' id='word_1_389' title='bbox 2553 2806 2723 2857; x_wconf 87' lang='lat' dir='ltr'><strong><em>Persii</em></strong></span> 
     </span>
     <span class='ocr_line' id='line_1_67' title="bbox 1657 2886 2724 2952; baseline -0.004 -14"><span class='ocrx_word' id='word_1_390' title='bbox 1657 2886 1826 2938; x_wconf 82' lang='lat' dir='ltr'><strong><em>affert.</em></strong></span> <span class='ocrx_word' id='word_1_391' title='bbox 1894 2888 1999 2937; x_wconf 87' lang='lat' dir='ltr'><strong><em>Cur</em></strong></span> <span class='ocrx_word' id='word_1_392' title='bbox 2020 2886 2241 2952; x_wconf 88' lang='lat' dir='ltr'><strong><em>denique</em></strong></span> <span class='ocrx_word' id='word_1_393' title='bbox 2279 2886 2372 2935; x_wconf 89' lang='lat' dir='ltr'><strong><em>sub</em></strong></span> <span class='ocrx_word' id='word_1_394' title='bbox 2411 2886 2588 2949; x_wconf 89' lang='lat' dir='ltr'><strong><em>specie</em></strong></span> <span class='ocrx_word' id='word_1_395' title='bbox 2618 2900 2724 2934; x_wconf 90' lang='lat' dir='ltr'><strong><em>ser-</em></strong></span> 
     </span>
     <span class='ocr_line' id='line_1_68' title="bbox 1656 2965 2724 3031; baseline -0.003 -16"><span class='ocrx_word' id='word_1_396' title='bbox 1656 2975 1871 3031; x_wconf 87' lang='lat' dir='ltr'><strong><em>pentum</em></strong></span> <span class='ocrx_word' id='word_1_397' title='bbox 1927 2974 2080 3030; x_wconf 87' lang='lat' dir='ltr'><strong><em>atque</em></strong></span> <span class='ocrx_word' id='word_1_398' title='bbox 2139 2965 2437 3026; x_wconf 88' lang='lat' dir='ltr'><strong><em>draconum,</em></strong></span> <span class='ocrx_word' id='word_1_399' title='bbox 2491 2965 2724 3014; x_wconf 89' lang='lat' dir='ltr'><strong><em>locorum</em></strong></span> 
     </span>
     <span class='ocr_line' id='line_1_69' title="bbox 1658 3040 2722 3106; baseline -0.005 -13"><span class='ocrx_word' id='word_1_400' title='bbox 1658 3042 1871 3105; x_wconf 88' lang='lat' dir='ltr'><strong><em>Genios,</em></strong></span> <span class='ocrx_word' id='word_1_401' title='bbox 1913 3056 1973 3090; x_wconf 89' lang='lat' dir='ltr'><strong><em>ac</em></strong></span> <span class='ocrx_word' id='word_1_402' title='bbox 2030 3042 2192 3104; x_wconf 90' lang='lat' dir='ltr'><strong><em>Deos,</em></strong></span> <span class='ocrx_word' id='word_1_403' title='bbox 2240 3040 2544 3106; x_wconf 84' lang='lat' dir='ltr'><strong><em>Heroasque</em></strong></span> <span class='ocrx_word' id='word_1_404' title='bbox 2587 3041 2722 3089; x_wconf 90' lang='lat' dir='ltr'><strong><em>cole-</em></strong></span> 
     </span>
     <span class='ocr_line' id='line_1_70' title="bbox 1657 3116 2719 3184; baseline -0.002 -15"><span class='ocrx_word' id='word_1_405' title='bbox 1657 3127 1793 3183; x_wconf 84' lang='lat' dir='ltr'><strong><em>rent,</em></strong></span> <span class='ocrx_word' id='word_1_406' title='bbox 1817 3119 2208 3184; x_wconf 87' lang='lat' dir='ltr'><strong><em>pingerentque,</em></strong></span> <span class='ocrx_word' id='word_1_407' title='bbox 2243 3116 2478 3166; x_wconf 84' lang='lat' dir='ltr'><strong><em>Macrob.</em></strong></span> <span class='ocrx_word' id='word_1_408' title='bbox 2510 3117 2719 3167; x_wconf 84' lang='lat' dir='ltr'><strong><em>Saturn.</em></strong></span> 
     </span>
     <span class='ocr_line' id='line_1_71' title="bbox 1652 3193 2721 3256; baseline -0.003 -11"><span class='ocrx_word' id='word_1_409' title='bbox 1652 3211 1691 3246; x_wconf 90' lang='lat'><strong><em>1.</em></strong></span> <span class='ocrx_word' id='word_1_410' title='bbox 1716 3200 1796 3247; x_wconf 83' lang='lat'><strong><em>20.</em></strong></span> <span class='ocrx_word' id='word_1_411' title='bbox 1821 3197 2068 3245; x_wconf 90' lang='lat' dir='ltr'><strong><em>rationem</em></strong></span> <span class='ocrx_word' id='word_1_412' title='bbox 2090 3193 2293 3242; x_wconf 86' lang='lat' dir='ltr'><strong><em>videtur</em></strong></span> <span class='ocrx_word' id='word_1_413' title='bbox 2313 3193 2586 3256; x_wconf 86' lang='lat' dir='ltr'><strong><em>attingere,</em></strong></span> <span class='ocrx_word' id='word_1_414' title='bbox 2603 3208 2721 3251; x_wconf 79' lang='lat' dir='ltr'><strong><em>cum</em></strong></span> 
     </span>
     <span class='ocr_line' id='line_1_72' title="bbox 1650 3268 2723 3337; baseline -0.003 -16"><span class='ocrx_word' id='word_1_415' title='bbox 1650 3271 1743 3337; x_wconf 89' lang='lat' dir='ltr'><strong><em>ait,</em></strong></span> <span class='ocrx_word' id='word_1_416' title='bbox 1773 3272 1894 3320; x_wconf 90' lang='lat' dir='ltr'><strong><em>ideo</em></strong></span> <span class='ocrx_word' id='word_1_417' title='bbox 1916 3269 2106 3320; x_wconf 84' lang='lat' dir='ltr'><strong><em>Salutis</em></strong></span> <span class='ocrx_word' id='word_1_418' title='bbox 2129 3275 2185 3318; x_wconf 90' lang='lat' dir='ltr'><strong><em>et</em></strong></span> <span class='ocrx_word' id='word_1_419' title='bbox 2205 3268 2486 3333; x_wconf 85' lang='lat' dir='ltr'><strong><em>AEsculapii</em></strong></span> <span class='ocrx_word' id='word_1_420' title='bbox 2521 3270 2723 3318; x_wconf 88' lang='lat' dir='ltr'><strong><em>simula-</em></strong></span> 
     </span>
     <span class='ocr_line' id='line_1_73' title="bbox 1650 3345 2724 3412; baseline -0.002 -14"><span class='ocrx_word' id='word_1_421' title='bbox 1650 3350 1752 3398; x_wconf 90' lang='lat' dir='ltr'><strong><em>cris</em></strong></span> <span class='ocrx_word' id='word_1_422' title='bbox 1785 3347 1992 3412; x_wconf 84' lang='lat' dir='ltr'><strong><em>appingi</em></strong></span> <span class='ocrx_word' id='word_1_423' title='bbox 2033 3348 2317 3396; x_wconf 88' lang='lat' dir='ltr'><strong><em>draconum</em></strong></span> <span class='ocrx_word' id='word_1_424' title='bbox 2355 3345 2563 3409; x_wconf 85' lang='lat' dir='ltr'><strong><em>figuras‚</em></strong></span> <span class='ocrx_word' id='word_1_425' title='bbox 2600 3347 2724 3412; x_wconf 87' lang='lat' dir='ltr'><strong><em>quia</em></strong></span> 
     </span>
     <span class='ocr_line' id='line_1_74' title="bbox 1651 3424 2722 3489; baseline -0.001 -15"><span class='ocrx_word' id='word_1_426' title='bbox 1651 3432 1905 3489; x_wconf 85' lang='lat' dir='ltr'><strong><em>praestant</em></strong></span> <span class='ocrx_word' id='word_1_427' title='bbox 1940 3433 2002 3474; x_wconf 85' lang='lat' dir='ltr'><strong><em>ut</em></strong></span> <span class='ocrx_word' id='word_1_428' title='bbox 2040 3424 2259 3474; x_wconf 87' lang='lat' dir='ltr'><strong><em>humana</em></strong></span> <span class='ocrx_word' id='word_1_429' title='bbox 2305 3438 2538 3488; x_wconf 86' lang='lat' dir='ltr'><strong><em>corpora,</em></strong></span> <span class='ocrx_word' id='word_1_430' title='bbox 2577 3425 2722 3473; x_wconf 84' lang='lat' dir='ltr'><strong><em>velut</em></strong></span> 
     </span>
     <span class='ocr_line' id='line_1_75' title="bbox 1649 3500 2723 3567; baseline -0.001 -15"><span class='ocrx_word' id='word_1_431' title='bbox 1649 3502 1964 3552; x_wconf 88' lang='lat' dir='ltr'><strong><em>infirmitatis</em></strong></span> <span class='ocrx_word' id='word_1_432' title='bbox 1989 3502 2124 3567; x_wconf 90' lang='lat' dir='ltr'><strong><em>pelle</em></strong></span> <span class='ocrx_word' id='word_1_433' title='bbox 2149 3500 2405 3566; x_wconf 86' lang='lat' dir='ltr'><strong><em>deposita,</em></strong></span> <span class='ocrx_word' id='word_1_434' title='bbox 2446 3500 2513 3550; x_wconf 85' lang='lat' dir='ltr'><strong><em>ad</em></strong></span> <span class='ocrx_word' id='word_1_435' title='bbox 2551 3502 2723 3566; x_wconf 82' lang='lat' dir='ltr'><strong><em>pristi-</em></strong></span> 
     </span>
     <span class='ocr_line' id='line_1_76' title="bbox 1649 3578 2722 3644; baseline -0.001 -16"><span class='ocrx_word' id='word_1_436' title='bbox 1649 3595 1771 3629; x_wconf 88' lang='lat' dir='ltr'><strong><em>num</em></strong></span> <span class='ocrx_word' id='word_1_437' title='bbox 1794 3579 2111 3629; x_wconf 86' lang='lat' dir='ltr'><strong><em>revirescant</em></strong></span> <span class='ocrx_word' id='word_1_438' title='bbox 2145 3579 2396 3644; x_wconf 86' lang='lat' dir='ltr'><strong><em>vigorem,</em></strong></span> <span class='ocrx_word' id='word_1_439' title='bbox 2421 3578 2553 3629; x_wconf 86' lang='lat' dir='ltr'><strong><em>sicut</em></strong></span> <span class='ocrx_word' id='word_1_440' title='bbox 2588 3579 2722 3628; x_wconf 88' lang='lat' dir='ltr'><strong><em>revi-</em></strong></span> 
     </span>
     <span class='ocr_line' id='line_1_77' title="bbox 1649 3654 2722 3719; baseline 0.001 -16"><span class='ocrx_word' id='word_1_441' title='bbox 1649 3663 1860 3704; x_wconf 87' lang='lat' dir='ltr'><strong><em>rescunt</em></strong></span> <span class='ocrx_word' id='word_1_442' title='bbox 1881 3654 2131 3706; x_wconf 88' lang='lat' dir='ltr'><strong><em>dracones</em></strong></span> <span class='ocrx_word' id='word_1_443' title='bbox 2159 3669 2255 3719; x_wconf 89' lang='lat' dir='ltr'><strong><em>per</em></strong></span> <span class='ocrx_word' id='word_1_444' title='bbox 2285 3669 2442 3703; x_wconf 89' lang='lat' dir='ltr'><strong><em>annos</em></strong></span> <span class='ocrx_word' id='word_1_445' title='bbox 2478 3654 2722 3719; x_wconf 86' lang='lat' dir='ltr'><strong><em>singulos,</em></strong></span> 
     </span>
     <span class='ocr_line' id='line_1_78' title="bbox 2405 3732 2723 3781; baseline -0.003 0"><span class='ocrx_word' id='word_1_446' title='bbox 2405 3732 2559 3781; x_wconf 89' lang='lat' dir='ltr'><strong><em>Unde</em></strong></span> <span class='ocrx_word' id='word_1_447' title='bbox 2600 3747 2723 3781; x_wconf 90' lang='lat' dir='ltr'><strong><em>con-</em></strong></span> 
     </span>
     <span class='ocr_line' id='line_1_79' title="bbox 1650 3808 2719 3872; baseline 0 -14"><span class='ocrx_word' id='word_1_448' title='bbox 1650 3810 1861 3858; x_wconf 86' lang='lat' dir='ltr'><strong><em>cludere</em></strong></span> <span class='ocrx_word' id='word_1_449' title='bbox 1905 3808 2064 3869; x_wconf 78' lang='lat' dir='ltr'><strong><em>licet3</em></strong></span> <span class='ocrx_word' id='word_1_450' title='bbox 2121 3813 2409 3871; x_wconf 88' lang='lat' dir='ltr'><strong><em>serpentes,</em></strong></span> <span class='ocrx_word' id='word_1_451' title='bbox 2463 3822 2526 3857; x_wconf 92' lang='lat' dir='ltr'><strong><em>eo</em></strong></span> <span class='ocrx_word' id='word_1_452' title='bbox 2582 3808 2719 3872; x_wconf 89' lang='lat' dir='ltr'><strong><em>quod</em></strong></span> 
     </span>
     <span class='ocr_line' id='line_1_80' title="bbox 1648 3884 2726 3950; baseline -0.002 -15"><span class='ocrx_word' id='word_1_453' title='bbox 1648 3885 1811 3935; x_wconf 89' lang='lat' dir='ltr'><strong><em>veluti</em></strong></span> <span class='ocrx_word' id='word_1_454' title='bbox 1834 3884 2105 3950; x_wconf 89' lang='lat' dir='ltr'><strong><em>quotannis</em></strong></span> <span class='ocrx_word' id='word_1_455' title='bbox 2132 3885 2498 3950; x_wconf 85' lang='lat' dir='ltr'><strong><em>juvenescunt,</em></strong></span> <span class='ocrx_word' id='word_1_456' title='bbox 2517 3886 2726 3935; x_wconf 89' lang='lat' dir='ltr'><strong><em>immor·</em></strong></span> 
     </span>
     <span class='ocr_line' id='line_1_81' title="bbox 1650 3962 2721 4026; baseline -0.001 -13"><span class='ocrx_word' id='word_1_457' title='bbox 1650 3962 1908 4013; x_wconf 89' lang='lat' dir='ltr'><strong><em>talitatem</em></strong></span> <span class='ocrx_word' id='word_1_458' title='bbox 1953 3962 2083 4012; x_wconf 90' lang='lat' dir='ltr'><strong><em>bene</em></strong></span> <span class='ocrx_word' id='word_1_459' title='bbox 2129 3962 2436 4026; x_wconf 87' lang='lat' dir='ltr'><strong><em>significare,</em></strong></span> <span class='ocrx_word' id='word_1_460' title='bbox 2476 3962 2615 4011; x_wconf 89' lang='lat' dir='ltr'><strong><em>Deos</em></strong></span> <span class='ocrx_word' id='word_1_461' title='bbox 2662 3970 2721 4012; x_wconf 91' lang='lat' dir='ltr'><strong><em>et</em></strong></span> 
     </span>
     <span class='ocr_line' id='line_1_82' title="bbox 1649 4036 2719 4103; baseline -0.002 -15"><span class='ocrx_word' id='word_1_462' title='bbox 1649 4039 1853 4090; x_wconf 84' lang='lat' dir='ltr'><strong><em>Heroas</em></strong></span> <span class='ocrx_word' id='word_1_463' title='bbox 1877 4039 2071 4103; x_wconf 84' lang='lat' dir='ltr'><strong><em>optime</em></strong></span> <span class='ocrx_word' id='word_1_464' title='bbox 2095 4036 2382 4102; x_wconf 85' lang='lat' dir='ltr'><strong><em>designare,</em></strong></span> <span class='ocrx_word' id='word_1_465' title='bbox 2404 4052 2462 4086; x_wconf 85' lang='lat' dir='ltr'><strong><em>ac</em></strong></span> <span class='ocrx_word' id='word_1_466' title='bbox 2484 4045 2719 4101; x_wconf 88' lang='lat' dir='ltr'><strong><em>propter-</em></strong></span> 
     </span>
     <span class='ocr_line' id='line_1_83' title="bbox 1648 4114 2719 4179; baseline -0.001 -15"><span class='ocrx_word' id='word_1_467' title='bbox 1648 4129 1713 4164; x_wconf 88' lang='lat' dir='ltr'><strong><em>ea</em></strong></span> <span class='ocrx_word' id='word_1_468' title='bbox 1746 4115 1871 4165; x_wconf 89' lang='lat' dir='ltr'><strong><em>locis</em></strong></span> <span class='ocrx_word' id='word_1_469' title='bbox 1910 4115 2068 4163; x_wconf 89' lang='lat' dir='ltr'><strong><em>sacris</em></strong></span> <span class='ocrx_word' id='word_1_470' title='bbox 2107 4114 2340 4179; x_wconf 81' lang='lat' dir='ltr'><strong><em>appingi.</em></strong></span> <span class='ocrx_word' id='word_1_471' title='bbox 2407 4115 2719 4164; x_wconf 86' lang='lat' dir='ltr'><strong><em>Plutarchus</em></strong></span> 
     </span>
     <span class='ocr_line' id='line_1_84' title="bbox 1646 4189 2716 4256; baseline 0.001 -15"><span class='ocrx_word' id='word_1_472' title='bbox 1646 4193 1800 4241; x_wconf 85' lang='lat' dir='ltr'><strong><em>aliam</em></strong></span> <span class='ocrx_word' id='word_1_473' title='bbox 1822 4189 1976 4241; x_wconf 86' lang='lat' dir='ltr'><strong><em>affert</em></strong></span> <span class='ocrx_word' id='word_1_474' title='bbox 1998 4206 2226 4253; x_wconf 82' lang='lat' dir='ltr'><strong><em>causam,</em></strong></span> <span class='ocrx_word' id='word_1_475' title='bbox 2249 4191 2342 4241; x_wconf 90' lang='lat' dir='ltr'><strong><em>sed</em></strong></span> <span class='ocrx_word' id='word_1_476' title='bbox 2365 4204 2480 4241; x_wconf 87' lang='lat' dir='ltr'><strong><em>meo</em></strong></span> <span class='ocrx_word' id='word_1_477' title='bbox 2513 4191 2716 4256; x_wconf 85' lang='lat' dir='ltr'><strong><em>judicio</em></strong></span> 
     </span>
     <span class='ocr_line' id='line_1_85' title="bbox 1645 4267 2715 4330; baseline 0.001 -12"><span class='ocrx_word' id='word_1_478' title='bbox 1645 4269 1795 4318; x_wconf 86' lang='lat' dir='ltr'><strong><em>valde</em></strong></span> <span class='ocrx_word' id='word_1_479' title='bbox 1818 4267 2036 4330; x_wconf 89' lang='lat' dir='ltr'><strong><em>futilem,</em></strong></span> <span class='ocrx_word' id='word_1_480' title='bbox 2071 4269 2124 4317; x_wconf 91' lang='lat' dir='ltr'><strong><em>in</em></strong></span> <span class='ocrx_word' id='word_1_481' title='bbox 2163 4270 2286 4318; x_wconf 87' lang='lat' dir='ltr'><strong><em>Vita</em></strong></span> <span class='ocrx_word' id='word_1_482' title='bbox 2324 4269 2612 4318; x_wconf 85' lang='lat' dir='ltr'><strong><em>Cleomenis</em></strong></span> <span class='ocrx_word' id='word_1_483' title='bbox 2648 4269 2715 4320; x_wconf 83' lang='lat' dir='ltr'><strong><em>ad</em></strong></span> 
     </span>
     <span class='ocr_line' id='line_1_86' title="bbox 1646 4344 2717 4412; baseline 0 -15"><span class='ocrx_word' id='word_1_484' title='bbox 1646 4345 1820 4412; x_wconf 80' lang='lat' dir='ltr'><strong><em>finem,</em></strong></span> <span class='ocrx_word' id='word_1_485' title='bbox 1842 4346 1929 4396; x_wconf 92' lang='lat' dir='ltr'><strong><em>ubi</em></strong></span> <span class='ocrx_word' id='word_1_486' title='bbox 1951 4352 2129 4396; x_wconf 83' lang='lat' dir='ltr'><strong><em>narrat</em></strong></span> <span class='ocrx_word' id='word_1_487' title='bbox 2153 4344 2244 4396; x_wconf 82' lang='lat' dir='ltr'><strong><em>fixi</em></strong></span> <span class='ocrx_word' id='word_1_488' title='bbox 2280 4347 2332 4396; x_wconf 91' lang='lat' dir='ltr'><strong><em>in</em></strong></span> <span class='ocrx_word' id='word_1_489' title='bbox 2373 4360 2531 4397; x_wconf 87' lang='lat' dir='ltr'><strong><em>cruce</em></strong></span> <span class='ocrx_word' id='word_1_490' title='bbox 2566 4346 2717 4398; x_wconf 90' lang='lat' dir='ltr'><strong><em>Cleo-</em></strong></span> 
     </span>
    </p>
   </div>
   <div class='ocr_carea' id='block_1_15' title="bbox 3042 33 3051 909">
    <p class='ocr_par' dir='ltr' id='par_1_18' title="bbox 3042 33 3051 909">
     <span class='ocr_line' id='line_1_87' title="bbox 3042 33 3051 909; baseline 0 0"><span class='ocrx_word' id='word_1_491' title='bbox 3042 33 3051 909; x_wconf 95' lang='lat' dir='ltr'><strong><em> </em></strong></span> 
     </span>
    </p>
   </div>
   <div class='ocr_carea' id='block_1_16' title="bbox 3050 1674 3062 2719">
    <p class='ocr_par' dir='ltr' id='par_1_19' title="bbox 3050 1674 3062 2719">
     <span class='ocr_line' id='line_1_88' title="bbox 3050 1674 3062 2719; baseline 0 0"><span class='ocrx_word' id='word_1_492' title='bbox 3050 1674 3062 2719; x_wconf 95' lang='lat' dir='ltr'><strong><em> </em></strong></span> 
     </span>
    </p>
   </div>
  </div>
 </body>
</html>
