3084 4934
1273 433 1553 483 SAURA
1599 432 1702 480 Vi.

2462 411 2594 482 tor

377 582 756 652 Maeonides
788 582 1076 663 Quintus
1105 601 1369 666 pavone
1398 602 1484 646 ex
1518 581 1962 667 Pythagoreo,

383 685 522 751 Hic
554 708 677 772 ego
707 707 976 752 securus
1004 686 1210 769 vulgi,
1237 691 1305 749 et
1330 685 1492 770 quid
1523 688 1862 768 praeparet
1888 681 2134 749 Auster

384 839 693 903 Pythagor-ce.
758 840 871 906 Ego
896 833 1113 889 Persius
1135 837 1277 888 isthic
1314 840 1434 901 dego
1458 852 1565 908 *non
1602 835 1775 886 anxius
1813 847 2102 885 sermonum
2134 830 2313 895 plebis;
2346 834 2392 880 et
2425 845 2595 916 parunt

1383 968 1596 1020 NOTAE

381 1066 565 1118 Persio
588 1074 772 1118 notant
792 1075 996 1118 veteres
1020 1069 1236 1119 Glossae.

448 1144 601 1208 Enni]
650 1146 855 1205 Ennius,
889 1145 1084 1209 Epicus
1119 1145 1287 1194 Po'eta
1310 1144 1449 1193 inter

378 1221 596 1271 Latinos
636 1229 754 1285 post
790 1221 914 1270 Ltv.
962 1220 1319 1270 Andronicum
1362 1235 1447 1269 ve·

318 1325 327 1334 ·
379 1298 711 1361 tustissimus‚
751 1298 981 1349 Annales
1020 1298 1209 1363 Populi
1232 1298 1445 1348 Romani

377 1376 602 1439 scripsit,
657 1383 712 1426 et
767 1378 867 1426 alia
922 1376 1177 1441 quaedam,
1229 1391 1444 1441 quorum

378 1451 676 1515 fragmenta
709 1452 966 1502 duntaxat
1000 1459 1296 1516 supersunt.
1384 1453 1447 1501 In

377 1528 547 1577 Ennio
581 1528 824 1578 elucebat
859 1529 1121 1591 ingenium
1160 1544 1298 1590 acre,
1334 1545 1447 1578 eru-

379 1604 511 1653 ditio
565 1605 859 1668 multiplex,
928 1606 1121 1667 cultus,
1176 1606 1446 1664 modestia,

377 1679 615 1743 comitaS‚
637 1680 886 1745 probitaS,
905 1679 1055 1743 fides,
1079 1684 1176 1731 ὅτε.
1235 1684 1306 1731 Et
1329 1698 1447 1732 cum

376 1756 643 1819 triplicem
668 1757 894 1821 linguam
928 1759 1162 1822 calleret,
1188 1759 1447 1821 Graeeam,

379 1832 587 1894 Oscam,
611 1831 863 1898 Latinam,
902 1836 1079 1884 dicere
1115 1835 1295 1884 solitus
1334 1844 1448 1885 erat

376 1911 483 1960 tria
505 1927 561 1961 se
594 1912 754 1961 corda
775 1912 983 1961 habere.
1052 1912 1300 1976 CrinituS,
1322 1912 1447 1962 Gel-

375 1987 496 2050 lius,
536 2000 679 2037 xvu.
717 1992 798 2038 1⁷.
835 1985 947 2038 Cic.
986 1989 1142 2038 Tusc.
1178 1990 1377 2039 Quaest.
1411 2003 1446 2039 1.

377 2080 519 2125 num.
545 2070 626 2117 34.
662 2066 997 2132 Epitaphium
1039 2067 1194 2116 Ennii
1230 2064 1296 2116 ab
1335 2065 1447 2131 ipso

377 2145 632 2208 scriptum
665 2143 854 2194 refert:
892 2144 1187 2210 ‘Aspicite,
1222 2160 1253 2194 ο
1288 2145 1448 2208 cives,

379 2222 517 2271 senis
562 2222 716 2272 Ennii
760 2222 987 2287 imagini'
1029 2222 1263 2272 formam.
1342 2221 1448 2270 Hie

378 2305 608 2347 vestrum
664 2300 848 2362 panxit
892 2300 1119 2348 maxima
1161 2297 1303 2348 facta
1358 2313 1448 2362 pa-

376 2383 533 2433 trum.
602 2376 769 2424 Nemo
808 2390 890 2423 me
930 2374 1170 2438 lacrymis
1217 2374 1446 2435 decoret,

373 2464 475 2507 uec
498 2450 683 2501 funera
720 2445 848 2500 fletu
887 2452 1059 2513 Faxit,
1094 2451 1235 2500 Cur?
1269 2449 1444 2499 Volito

376 2530 515 2581 vivu'
552 2546 757 2595 petora
781 2529 981 2579 virum!
1050 2530 1241 2579 Horat.
1276 2529 1442 2592 Epist.

372 2622 438 2662 ιι.
466 2614 513 2659 1.
543 2609 770 2659 ‘Ennius
791 2616 847 2659 et
877 2609 1100 2671 sapiens,
1124 2615 1177 2657 et
1198 2606 1368 2672 fortis„
1391 2614 1446 2655 et

376 2686 513 2735 alter
567 2685 844 2748 Homerus,
898 2685 973 2733 Ut
1018 2684 1190 2733 critici
1246 2684 1447 2746 dicunt,

374 2763 565 2812 leviter
588 2778 772 2812 curare
798 2762 1006 2812 videtur
1039 2764 1157 2814 Quo
1196 2763 1449 2825 promissa

376 2838 584 2903 cadant,
609 2846 664 2889 et
687 2839 884 2889 somnia
905 2838 1274 2903 Pythagorea!

384 2969 389 2972 ,
415 2928 422 2933 “
443 2918 702 2981 Postquam
723 2917 996 2981 destertuit,
1018 2915 1125 2978 ξω]
1192 2916 1324 2965 Tum
1347 2916 1448 2980 hoc

372 2994 551 3060 jubet,
593 3010 710 3045 cum
760 2992 895 3058 sapit
938 2993 1182 3054 maxime,
1224 2998 1279 3040 et
1333 3006 1451 3040 cum

377 3077 503 3121 vere
550 3079 632 3122 est
677 3072 904 3123 Quintus
953 3070 1169 3132 Ennius,
1207 3083 1305 3117 nec
1336 3069 1449 3133 jam

379 3147 602 3198 somniat
641 3162 754 3198 esse
794 3162 848 3196 se
892 3146 1195 3205 Homerum,
1235 3159 1327 3214 seu
1362 3144 1451 3193 ha·

378 3221 509 3273 bere
531 3239 588 3273 se
612 3225 834 3273 animam
858 3221 1094 3273 Homeri.
1161 3222 1261 3271 Vel
1292 3228 1352 3271 ut
1375 3221 1452 3271 ait

378 3299 667 3363 Mamilius,
685 3300 855 3350 Persii
875 3314 1019 3350 mens
1043 3304 1152 3350 est:
1177 3305 1450 3365 postquam

376 3373 656 3425 Annalium
679 3376 828 3426 initio
852 3376 1051 3425 Ennius
1069 3376 1299 3425 narravit
1323 3391 1453 3425 som-

376 3452 520 3502 nium
545 3468 694 3503 suum
716 3454 782 3503 de
807 3460 1098 3518 apparente
1129 3454 1228 3503 sibi
1259 3454 1452 3504 Home·

376 3542 454 3598 ro,
476 3535 532 3579 et
564 3529 858 3596 affirmante
892 3545 1034 3582 snam
1069 3531 1192 3580 olim
1227 3531 1450 3580 animam

365 3605 477 3668 jam
499 3607 656 3656 Ennii
678 3621 816 3668 esse,
833 3610 934 3655 ὅτε.
957 3612 1065 3655 tum
1090 3612 1270 3669 portus
1290 3608 1449 3664 Lunae

377 3681 779 3745 descriptionem
804 3697 1076 3746 aggressus
1101 3682 1258 3746 jubet
1281 3689 1451 3731 atten-

378 3757 524 3820 dere,
543 3759 639 3808 hoc
659 3759 940 3821 versiculo,
961 3765 1032 3808 est
1054 3775 1210 3823 opera
1225 3760 1452 3824 pretium,

375 3834 458 3900 ξε.
495 3842 555 3884 ut
586 3850 763 3900 supra.
829 3836 952 3885 Huc
975 3837 1210 3900 pertinet
1235 3837 1372 3903 quod
1396 3836 1451 3885 in

375 3910 605 3976 Prologo
628 3911 837 3976 scripsit
861 3912 1092 3977 PersiuS,
1112 3930 1191 3963 vs,
1212 3918 1262 3964 2.

443 3991 506 4039 11
540 3989 827 4055 Maeonides]
886 3991 974 4040 Ita
996 3991 1170 4041 dictus
1194 3981 1451 4041 Homerus

377 4066 464 4115 vel
489 4081 522 4115 a
556 4066 786 4115 Maeonia
817 4067 1006 4132 patria,
1041 4070 1123 4118 vel
1145 4068 1285 4135 quod
1308 4074 1451 4119 esset

375 4140 601 4194 Maeonis*
621 4142 776 4194 filius.

445 4216 681 4281 Quintus]
703 4219 856 4269 Ennii
870 4235 1173 4291 praenomen
1192 4228 1292 4290 est,
1309 4221 1451 4290 quic-

378 4291 507 4360 quid
527 4294 710 4362 nugati
731 4295 836 4347 sint
874 4297 1034 4365 aliqui
1072 4298 1140 4349 de
1180 4299 1363 4365 quinta
1383 4298 1448 4350 ab
1511 4341 1517 4346 .

1530 1068 1760 1120 Homero
1788 1063 2239 1129 metempsychosi.
2287 1062 2442 1112 Turn.
2460 1070 2597 1108 xxx.

1527 1151 1574 1196 7.
1598 1145 1820 1197 Casaub.
1841 1143 1943 1194 alii.

1594 1225 1787 1272 Pavone
1808 1237 1869 1271 ex
1891 1216 2220 1286 Pythagoreo]
2244 1216 2308 1266 Id
2326 1221 2424 1279 est,
2440 1215 2596 1265 Post-

1529 1318 1681 1367 quam
1727 1302 1924 1351 Ennius
1980 1298 2177 1362 fingere
2234 1295 2390 1345 desiit
2433 1293 2596 1354 immi7

1527 1393 1704 1441 grasse
1729 1378 1782 1427 in
1815 1392 1870 1426 se
1894 1376 2117 1425 animam
2153 1372 2391 1435 Homeri,
2428 1387 2460 1421 a
2493 1385 2596 1435 quo

1526 1456 1613 1504 illa
1637 1456 1689 1504 in
1715 1469 1987 1519 pavonem,
2011 1467 2072 1501 ac
2096 1451 2282 1501 deinde
2305 1451 2357 1499 in
2400 1450 2597 1513 Pytha-

1528 1548 1735 1597 goram3
1761 1537 1944 1596 postea
1968 1544 2091 1580 vero
2115 1530 2167 1578 in
2185 1529 2408 1578 Ennium
2430 1532 2597 1575 trans-

1527 1609 1685 1660 iisset.
1781 1609 1938 1671 Diog.
1998 1606 2171 1657 Laert.
2239 1606 2274 1653 l.
2322 1617 2446 1653 vui.
2505 1602 2599 1665 ait,

1530 1686 1885 1752 Pythagoram
1926 1684 2100 1733 dicere
2139 1682 2342 1731 solitum
2379 1680 2599 1730 animam

1530 1778 1673 1812 suam
1716 1763 1937 1827 primum
1975 1758 2135 1809 fuisse
2177 1756 2468 1810 AEthalidis.
2511 1754 2601 1820 qui

1532 1840 1781 1889 Mercurii
1805 1838 1937 1888 filius
1958 1836 2161 1886 habitus
2186 1842 2282 1897 est,
2305 1834 2369 1882 ab
2404 1832 2600 1882 Eutha-

1528 1916 1634 1965 lide
1670 1917 1723 1965 in
1756 1913 2114 1978 Euphorbum,
2140 1912 2206 1961 ab
2240 1912 2338 1959 hoc
2373 1910 2427 1957 in
2463 1904 2601 1957 Her*

1528 1993 1848 2054 methimum,
1886 1997 2006 2055 post
2029 1991 2081 2038 in
2105 1987 2366 2051 Pyrrhum
2393 1985 2601 2034 Delium

1528 2069 1858 2134 piscatorem,
1893 2067 2118 2129 denique
2157 2065 2209 2113 in
2249 2064 2600 2127 Pythagoram

1530 2146 1943 2211 transmigrasse.
2034 2141 2191 2192 Ovid.
2236 2142 2368 2190 Met.
2414 2153 2507 2188 xv,
2553 2142 2602 2187 3.

1527 2225 1881 2287 Pythagoram
1927 2222 2002 2271 ita
2038 2222 2334 2285 loquentem
2378 2216 2598 2281 inducit.

1528 2304 1544 2329 ‘
1580 2301 1703 2365 Ipse
1759 2316 1855 2365 ego
1907 2302 2049 2365 (nam
2106 2293 2338 2358 memini)
2390 2291 2604 2356 Troja'ni

1530 2386 1768 2443 tempore
1801 2378 1926 2428 belli
1950 2374 2272 2426 Panthoides
2294 2370 2603 2435 Euphorbus

1526 2456 1704 2519 eram,'
1728 2458 1830 2505 ὅτε.
1866 2445 2077 2503 Persius
2100 2452 2183 2500 hic
2207 2448 2415 2499 deridet
2437 2447 2600 2495 aniles

1526 2534 1639 2583 illas
1663 2534 1931 2598 opiniones
1951 2532 2016 2580 de
2039 2524 2477 2592 metempsychosi
2496 2523 2602 2587 Py-

1527 2612 1813 2675 thagorica.
1903 2607 2060 2662 Quod
2105 2612 2161 2656 et
2211 2604 2344 2655 fecit
2386 2600 2603 2651 Tertuu.

1529 2688 1648 2737 Lib.
1674 2687 1741 2736 de
1766 2686 1976 2749 Anima,
2013 2700 2133 2756 cap.
2156 2686 2239 2732 24.
2272 2686 2328 2730 et
2348 2694 2457 2743 seq.
2483 2690 2603 2739 cap.

1532 2778 1653 2813 vero
1677 2767 1758 2813 33.
1796 2763 1871 2811 sie
1908 2761 2094 2810 habet:
2132 2759 2147 2788 ‘
2172 2771 2360 2822 pavum
2400 2769 2455 2803 se
2498 2765 2605 2801 me-

1529 2841 1680 2889 minit
1706 2840 1964 2889 Homerus
1985 2836 2153 2887 Ennio
2172 2834 2488 2883 somniante:
2511 2826 2604 2878 sed

1531 2917 1715 2967 Poetis
1749 2931 1847 2966 nee
1870 2913 2205 2978 vigilantibus
2237 2908 2481 2969 credam,’
2504 2907 2603 2955 &c-

1531 2995 1604 3044 Et
1641 3009 1760 3057 cap.
1792 2998 1874 3043 34.
1909 2993 1923 3019 ‘
1944 2991 2007 3040 In
2054 3001 2255 3053 pavone
2299 2984 2607 3033 tunderetur

1532 3073 1815 3134 HomeruS,
1836 3072 1970 3121 sicut
1991 3070 2042 3118 in
2062 3067 2356 3132 Pythagora
2375 3062 2607 3126 Euphor-

1531 3149 1665 3199 bus.'
1739 3150 1903 3199 ‘Idem
1959 3144 2331 3200 TertullianuS,
2375 3139 2494 3189 Lib.
2541 3136 2608 3187 de

1533 3226 1833 3275 Resurrect.
1854 3224 2041 3283 earnis»,
2064 3237 2178 3285 cap.
2200 3224 2247 3269 1.
2272 3232 2413 3267 num.
2436 3220 2484 3265 7.
2509 3216 2524 3245 ‘
2546 3221 2609 3264 ut

1530 3306 1586 3354 in
1617 3304 1970 3368 Pythagoram
1993 3299 2321 3367 EuphorbuS‚
2345 3296 2606 3347 Homerus

1531 3382 1585 3431 in
1615 3396 1804 3446 pavum
1829 3376 2235 3431 recenseantur!
2304 3373 2509 3426 Pariter
2549 3371 2605 3422 S.

1534 3460 1751 3511 Hieron.
1768 3458 1943 3524 Apoll.
1961 3472 2047 3507 111.
2069 3456 2312 3506 adversus
2329 3447 2608 3509 Ruffinum,

1530 3537 1687 3602 paulo
1741 3542 1862 3586 ante
1905 3534 2079 3584 finem.
2168 3532 2240 3580 Et
2297 3525 2604 3578 Lactantius

1531 3613 1836 3673 Firmianus‚
1857 3626 1944 3662 111.
1972 3614 2052 3660 18.
2085 3615 2144 3659 et
2164 3620 2270 3656 vn.
2293 3609 2377 3655 23.
2412 3601 2502 3652 ubi
2532 3600 2607 3651 sie

1530 3689 1633 3738 ait:
1671 3690 1686 3716 ‘
1708 3688 2035 3751 Pythagoras
2067 3682 2291 3733 transire
2323 3677 2518 3728 animas
2553 3675 2608 3724 in

1529 3778 1666 3814 nova
1700 3776 1921 3827 corpora
1950 3758 2258 3825 disputavit,
2276 3756 2368 3806 sed
2391 3753 2602 3817 inepte:

1529 3846 1652 3889 —et
1688 3840 1913 3903 seipsum
1944 3853 2012 3888 ex
2034 3835 2317 3901 Euphorbo
2340 3830 2503 3882 fuisse
2522 3843 2604 3880 re-

1530 3916 1806 3982 paratum.'

1597 4000 1661 4045 12
1689 3994 1792 4045 Hie
1810 3994 1924 4057 ego]
1959 3992 2023 4043 In
2045 3995 2203 4055 portu
2225 3989 2389 4045 Lunae
2410 3998 2607 4047 versor,

1529 4078 1592 4124 ut
1601 4072 1714 4136 jam
1737 4071 1956 4121 dictum.
2021 4068 2230 4119 Securus
2247 4063 2399 4128 vulgi,
2419 4075 2606 4127 parum

1531 4163 1720 4201 curans
1754 4159 1988 4203 rumores
2023 4143 2335 4210 populares3
2369 4135 2607 4203 procula

1530 4226 1735 4293 vulgari
1759 4225 2002 4290 strepitu,
2031 4228 2089 4273 et
2111 4219 2409 4273 ambitione.

1598 4305 1672 4360 Et
1691 4304 1808 4371 quid
1821 4304 2067 4375 prosperet
2088 4295 2296 4361 Auster]
2317 4290 2458 4347 Quid
2474 4300 2621 4351 mor-52
