3084 4934
466 384 557 465 42

1224 400 1298 450 A.
1344 400 1594 451 rsusn
1645 366 1908 450 ensem

468 545 582 625 Et,
621 542 750 613 om·
779 518 1104 610 caeruleum
1131 543 1463 612 din-mahat
1490 545 1695 612 Nerea
1724 544 1971 631 delphin
1989 570 2012 608 .-

470 648 609 726 Sic,
646 645 897 712 Costam
926 647 1107 736 longo
1131 648 1528 714 subduximus
1559 650 1932 736 Apennino..

2586 648 2676 714 95

469 749 672 815 Arma
700 751 928 828 virum,
953 772 1167 818 noune
1195 754 1321 818 hoc
1349 773 1740 837 spumosum
1768 758 1836 818 et
1864 755 2114 819 cortice
2141 752 2374 837 pingui
2396 754 2427 817 'l

468 853 567 941 Ut
594 857 840 920 ramale
864 861 1054 921 vetus
1080 857 1455 940 praegrandi
1483 859 1722 922 subere
1745 864 2029 923 coetum.

466 1025 603 1086 louge
676 1025 880 1088 patenti.

948 1025 1194 1088 Numquid
1262 1039 1353 1073 non
1411 1025 1556 1075 etiam
1620 1026 1743 1076 illud
1801 1040 2026 1089 carmen,
2075 1025 2228 1074 Arma
2275 1025 2452 1086 virum,
2508 1040 2674 1088 spuma

432 1105 438 1110 ·
464 1090 653 1154 plenum
689 1095 777 1153 est,
817 1096 865 1139 et
891 1091 1057 1140 'crum
1094 1086 1329 1140 induvia?
1383 1090 1520 1141 Sicut
1562 1106 1723 1141 ramus
1768 1105 1965 1141 annom
2016 1091 2229 1140 decoctus
2267 1089 2454 1154 ingenti
2498 1090 2676 1141 subere.

1403 1216 1728 1236 OOOOOOOOm

465 1293 666 1343 monuit
693 1295 729 1345 J
735 1296 952 1360 osephus
991 1296 1236 1359 Scaliger.
1288 1295 1552 1347 casaubon.

1618 1295 1747 1359 Atys
1783 1296 1924 1346 Edit.
1958 1295 2141 1360 Steph.
2201 1294 2337 1346 Attis
2393 1295 2499 1344 ΜΒ.
2544 1295 2674 1344 R.-

467 1361 531 1406 9⁵
565 1357 624 1407 Si
645 1374 737 1423 pro
760 1360 859 1409 Sic.
882 1362 939 1411 C.
972 1361 1269 1412 Invenimus
1307 1362 1558 1426 scriptum
1592 1376 1623 1410 a
1663 1362 1887 1412 Poenino:
1941 1368 2125 1413 contra
2158 1359 2315 1411 fidem
2348 1361 2674 1424 antiquarum

464 1423 896 1493 membranarum,
933 1433 992 1478 et
1035 1429 1401 1478 auctoritatem
1446 1425 1757 1479 Quintiliani
1796 1440 1875 1477 lv.
1915 1431 1964 1479 5.
2024 1426 2416 1477 Canobon—97
2450 1423 2677 1487 vegrandi

1472 1564 1687 1617 NOTAE

466 1676 546 1725 nit
564 1675 776 1727 Persius
796 1696 809 1728 ε
833 1678 907 1728 ita
927 1694 1115 1745 nempe
1138 1679 1405 1730 consuevit
1427 1680 1534 1730 Ne-

469 1766 528 1802 ro
550 1753 813 1817 rhythmos
836 1757 1043 1820 sectari,
1079 1763 1134 1807 et
1166 1772 1325 1807 vanas
1347 1756 1536 1821 figuras

471 1828 757 1881 duntaxat:
797 1832 873 1883 ita
907 1848 1052 1887 suum
1076 1834 1143 1884 de
1170 1834 1276 1899 Aty
1314 1835 1534 1884 Carmen

467 1907 771 1972 rhythmicis
785 1911 987 1975 implet,
1007 1912 1150 1976 quasi
1172 1927 1275 1961 una
1296 1911 1399 1961 sint
1418 1911 1533 1961 haec

468 1997 594 2034 vera
615 1987 856 2037 carminis
873 1995 1194 2038 ornamenta.

528 2060 697 2126 Attin]
744 2065 969 2127 Nempe,
1008 2072 1069 2114 ut
1103 2065 1369 2129 rhythmus
1415 2062 1539 2114 insit

465 2138 720 2203 versibus,
760 2141 923 2202 Attin,
963 2141 1255 2207 legendum,
1295 2156 1398 2191 non
1442 2143 1536 2192 At-

467 2221 548 2280 tys
562 2233 579 2265 .-
613 2223 670 2266 ut
685 2226 865 2269 monet
879 2219 962 2270 Jo.
978 2219 1225 2284 Scaliger,
1237 2225 1293 2269 et
1311 2218 1400 2269 alii
1417 2219 1538 2269 doc-'

463 2291 666 2343 tissimi.
702 2294 806 2344 Dio
828 2293 894 2344 de
928 2296 1156 2357 Nerone,
1196 2296 1537 2360 ἐκιθαρῴδησεν

458 2367 650 2420 ’Arrium
672 2369 704 2429 ἣ
723 2369 931 2434 Βάκχας.
979 2372 1128 2422 Idem
1146 2379 1427 2437 suggerunt
1449 2388 1535 2422 ve-

466 2451 605 2497 teres
630 2449 851 2500 Glossae.

527 2523 877 2589 Berecynthia-⁴1
906 2524 1075 2589 Attin]
1114 2527 1276 2591 Attin,
1300 2526 1407 2577 sive
1447 2530 1535 2577 At-

462 2604 558 2666 tys,
581 2602 841 2667 Phrygius
866 2617 994 2668 puer
1037 2605 1325 2670 admodum⁴
1351 2605 1536 2657 formo-

465 2691 549 2727 sus
592 2680 858 2731 adamatus
900 2682 1136 2747 Cybelae,
1161 2700 1276 2748 quae
1308 2700 1339 2733 a
1375 2685 1534 2734 Bere-

464 2757 657 2820 cyntho
679 2764 856 2808 monte
873 2759 1014 2809 Asiae
1038 2760 1267 2824 minoriS,
1286 2760 1374 2810 ubi
1398 2762 1533 2810 cole-

362 2828 365 2835 ”
463 2831 638 2897 batur,
679 2850 967 2901 cognomen
1005 2838 1200 2902 adepta
1239 2845 1348 2888 est:
1396 2838 1533 2888 unde

462 2914 518 2959 et
539 2911 649 2976 ipse
686 2914 884 2977 pariter
925 2915 1306 2979 Berecynthius
1341 2916 1531 2967 dictus.

462 2980 549 3037 De
585 3004 647 3038 eo
689 2989 911 3041 Carmen
942 3001 1024 3041 est
1062 2992 1259 3043 Catulli
1280 2994 1534 3058 sexagesi-

462 3077 600 3131 mum
636 3074 891 3129 quartum.
946 3069 1081 3118 Vide
1119 3079 1175 3120 et
1206 3070 1365 3123 Ovid.
1390 3072 1533 3124 Fast.

465 3151 548 3188 lv.
610 3141 626 3169 ⁴
652 3141 830 3208 Phryx
849 3159 977 3208 puer
997 3145 1052 3194 in
1069 3147 1262 3209 sylvis,'
1287 3152 1387 3200 διο.

525 3220 591 3266 94
623 3218 897 3270 Dirimeleat
935 3222 1120 3285 Nerea]
1177 3224 1362 3276 Nande
1398 3242 1535 3277 seca-

462 3291 557 3342 bat
566 3309 735 3359 mare.
756 3296 969 3346 Persius
987 3300 1161 3364 arguit
1180 3317 1379 3353 versum
1400 3303 1534 3354 hunc

461 3373 708 3437 tanquam
732 3375 1095 3426 audacioribus
1119 3378 1431 3442 metaphoris
1459 3380 1533 3429 in-

460 3444 661 3498 flatum.
715 3451 916 3500 Nereus
944 3453 1089 3502 Deus
1109 3453 1352 3520 marinus,
1371 3464 1533 3506 meto-

458 3524 693 3591 nymicc'es
718 3541 814 3590 pro
833 3529 958 3576 mari
978 3529 1207 3592 ponitur.

526 3602 760 3666 Delphin]
810 3605 927 3654 Hoc
958 3606 1095 3654 aliud
1129 3622 1241 3656 esse
1263 3608 1405 3657 aiunt
1427 3609 1532 3658 Ne-

461 3672 599 3728 ronis
635 3681 856 3730 Carmen
883 3682 947 3729 de
971 3681 1185 3748 Arione,
1205 3699 1356 3749 quem
1381 3685 1533 3735 dorso

462 3757 669 3820 excepit
688 3758 940 3821 Delphin,
974 3766 1028 3808 et
1051 3760 1113 3808 ad
1142 3767 1348 3824 portum
1374 3763 1532 3813 vexit.

463 3830 608 3896 Lege
628 3833 952 3884 Herodotum
970 3836 1005 3885 l.
1028 3850 1068 3885 1.
1095 3837 1259 3903 Agell.
1277 3852 1389 3889 xv1.
1412 3854 1527 3906 cap.

461 3908 660 3959 ultimo.
706 3909 863 3960 ovid.
908 3912 1049 3962 Fast.
1096 3927 1156 3963 Π.
1201 3915 1342 3983 Plin.
1378 3931 1459 3968 ιιι.
1482 3923 1530 3969 8.

462 3985 555 4037 ubi
574 3987 681 4049 agit
698 3986 762 4036 de
778 3987 1069 4052 Delphinis,
1086 3991 1299 4057 ipsoque
1317 3991 1530 4045 Arione.

526 4066 591 4112 95
627 4061 734 4125 Sic]
767 4063 829 4111 Id
854 4071 955 4126 est,
979 4080 1075 4128 per
1097 4066 1312 4118 similem
1334 4072 1532 4120 vanita-

465 4145 591 4200 tem,
610 4136 1009 4206 affectationem,
1026 4157 1270 4195 errorem.

531 4209 722 4263 costam
741 4216 1068 4283 subduxinma]
1091 4222 1260 4272 Unam
1279 4224 1530 4288 syllabam

462 4291 636 4344 versui
675 4293 882 4346 heroico
905 4301 1151 4363 tanquam
1184 4299 1398 4365 longiori
1417 4301 1533 4353 sub-

1617 1680 1823 1730 trahere
1863 1682 2057 1731 amavit
2100 1682 2264 1746 Nero,
2307 1679 2588 1730 substituto
2628 1675 2684 1727 in

1616 1757 1775 1806 tertia
1798 1758 1920 1809 sede
1941 1757 2247 1825 frequenter
2265 1757 2511 1824 spondeo.
2554 1756 2684 1805 Por·

1616 1850 1673 1885 ro
1694 1849 1789 1899 per
1822 1843 2016 1887 costam
2056 1836 2332 1901 Apennino
2376 1833 2685 1884 subductam

1616 1911 1866 1978 intelligit
1887 1914 2022 1963 latus
2046 1918 2102 1963 et
2122 1918 2320 1962 certam
2355 1917 2560 1975 partem
2598 1907 2687 1958 ΑΙ-

1617 1988 1780 2053 pium,
1826 1992 2060 2041 alludens
2117 1989 2183 2039 ad
2224 1988 2553 2049 Annibalem,
2596 1985 2684 2050 qui

1616 2066 1734 2130 igne
1765 2075 1820 2118 et
1860 2079 2009 2119 aceto
2048 2082 2163 2116 eam
2203 2065 2460 2131 perrupit,
2482 2062 2683 2128 sibique

1618 2154 1813 2205 suoque
1852 2134 2109 2192 exercitui
2147 2141 2281 2191 viam
2308 2141 2529 2206 aperuit.
2560 2139 2684 2189 Plu·
2737 2171 2742 2177 -

1618 2220 1784 2269 tarch.
1828 2221 1881 2270 in
1925 2220 2050 2270 Vita
2093 2218 2381 2270 Annibalis.
2427 2218 2532 2269 Tit.
2566 2217 2684 2268 Liv.

1616 2295 1653 2346 l.
1689 2310 1810 2347 xxr.

1681 2373 1847 2437 Longo
1885 2372 2156 2437 Apennino]
2199 2374 2377 2437 Longe
2419 2386 2567 2422 mons
2597 2370 2687 2420 ille

1618 2458 1887 2516 protensus
1908 2465 2005 2515 per
2027 2449 2236 2500 Italiam
2258 2449 2478 2499 mediam
2504 2461 2687 2498 excurz

1619 2529 1689 2580 rit
1712 2528 1779 2578 ad
1797 2527 1989 2577 fretum
2004 2542 2162 2592 usque
2178 2527 2423 2577 Siculum.

1682 2612 1747 2657 96
1779 2607 1931 2657 Arma
1967 2605 2145 2669 cirum]
2191 2603 2396 2668 Virgilii
2415 2601 2687 2667 AEneidem

1616 2684 1879 2749 intelligit.
1947 2682 2204 2733 Nimirum
2249 2681 2453 2745 reponit
2501 2678 2685 2728 Persio

1615 2762 1857 2824 monitor,
1895 2761 1980 2811 vel
2018 2760 2184 2825 quivis
2208 2758 2337 2809 alius
2362 2755 2686 2822 turgidorum

1615 2854 1857 2889 versuum
1900 2838 2091 2889 artifex
2128 2845 2185 2888 et
2231 2843 2509 2901 patronus:
2546 2834 2588 2884 si
2628 2839 2689 2884 tu

1609 2920 1790 2963 nostra
1843 2912 2072 2963 carmina
2123 2927 2226 2961 non
2245 2911 2474 2976 ,pi-obas,
2541 2908 2686 2975 quid,

1614 3007 1806 3058 quaeso,
1828 3006 2006 3042 censes
2039 2990 2103 3040 de
2124 2989 2413 3055 virgiliana
2434 2988 2650 3038 AEneide
2670 2988 2697 3063 ?⁸

1614 3070 1699 3120 An
1717 3085 1822 3120 non
1843 3077 1898 3119 et
1933 3068 2004 3119 illi
2032 3083 2210 3119 versus
2234 3066 2546 3116 videbuntur
2569 3079 2687 3130 spu-

1613 3147 1743 3196 mosi
1767 3139 1823 3196 et
1844 3144 2010 3197 inflati
2034 3147 2052 3194 ?
2473 3148 2480 3155 ⁴

1679 3225 1982 3288 Spumosum]
2001 3223 2150 3272 Vano
2174 3226 2376 3271 tumore
2404 3220 2546 3270 velut
2570 3234 2685 3284 spu-

1615 3320 1700 3354 ma
1742 3312 2043 3368 turgescens
2066 3301 2410 3363 extrinsecus,
2450 3299 2559 3350 siue
2581 3299 2686 3350 ulla

1613 3380 1750 3429 intus
1773 3378 1999 3428 medulla
2021 3383 2076 3427 et
2098 3392 2269 3427 succo.

1683 3457 1873 3507 Cortice
1888 3455 2084 3521 pingui]
2117 3456 2326 3518 Crasso,
2348 3453 2543 3515 inflato,
2564 3468 2685 3519 qua-

1595 3533 1716 3605 ·lem
1751 3532 1912 3582 habet
1943 3531 2113 3581 suber.
2179 3531 2314 3580 Vide
2338 3529 2477 3581 Plin.
2495 3543 2611 3580 xvl.
2635 3533 2685 3580 8.

1678 3614 1742 3660 97
1785 3611 1853 3660 Ut
1873 3611 2050 3660 ramale
2094 3608 2251 3672 vetus]
2298 3600 2535 3673 Jungunt
2572 3608 2685 3658 haec

1613 3687 1772 3752 aliqui
1790 3702 1903 3736 cum
1922 3685 2358 3751 praecedentibus,
2374 3692 2428 3734 et
2447 3678 2700 3735 tribuunt

1613 3765 1878 3827 monitori,
1917 3769 1973 3812 ut
1996 3765 2065 3812 sit
2087 3763 2337 3826 expolitio
2365 3762 2549 3825 prioris
2574 3777 2696 3839 sen-¹

1615 3842 1812 3892 tentiae.
1881 3839 1955 3889 At
1993 3839 2253 3889 doctiores
2288 3841 2589 3904 seiungunt,
2628 3846 2687 3889 ut

1614 3920 1682 3970 sit
1724 3918 1894 3968 Persii
1931 3918 1996 3967 ad
2040 3918 2342 3966 monitorem
2380 3916 2645 3980 responsio
2670 3933 2683 3966 :

1610 3995 1831 4061 grandes
1850 3993 2056 4059 quidem
2080 4001 2136 4042 et
2158 3994 2399 4043 sublimes
2421 3999 2543 4043 sunt
2565 3994 2685 4043 Vir·

1613 4072 1721 4138 gilii
1745 4085 1941 4133 versus»,
1972 4072 2061 4118 sed
2086 4085 2188 4120 non
2209 4068 2388 4135 inflati,
2410 4070 2511 4119 imo
2534 4070 2684 4119 dissi-

1613 4156 1737 4213 pata
1757 4161 1937 4211 spuma
1976 4155 2031 4195 et
2066 4155 2265 4195 tumore
2287 4147 2514 4196 discusso
2540 4149 2700 4207 velut.

1613 4224 1755 4276 cocti
1778 4231 1900 4274 sunt
1917 4231 1973 4274 et
1989 4231 2190 4275 maturo
2196 4224 2398 4288 judicio
2417 4223 2646 4289 perfecti
2666 4242 2679 4275 :

1614 4302 1805 4353 similes
1847 4316 1990 4353 ramo
2033 4300 2221 4367 veteri,
2242 4317 2427 4368 magno
2451 4301 2684 4370 quidem,
