3084 4934
467 328 679 429 150‘

1234 375 1309 424 A.
1358 368 1609 424 riman
1661 373 1925 439 amem

471 482 493 496 ’φ
514 482 519 487 Δ
540 486 665 582 'En
690 517 852 602 quid
877 520 1022 603 agis
1041 520 1072 584 'l
1118 519 1425 605 duplici
1404 541 1475 585 m
1501 520 1838 586 diversum
1869 518 2190 586 scindet-is
2217 518 2452 585 hamo:

473 619 829 686 Hunccine
859 642 945 688 an
971 623 1143 688 hunc
1173 625 1473 708 sequeris
1491 625 1522 688 Ί
1572 625 1819 689 subeas
1850 620 2147 690 alternus
2177 627 2447 707 oportet
2554 620 2682 685 155

470 720 772 808 Ancipiti
801 725 1129 808 obsequio
1156 724 1500 789 dominos·
1483 774 1502 806 ,
1548 725 1839 790 alternus
1870 726 2162 791 oberres,

471 961 603 1010 quor,
622 948 794 998 exinde
814 953 903 999 est.
971 951 1095 1000 Ecce

1113 950 1227 1015 quid
1246 950 1414 1012 fucis?
1446 953 1608 1003 Homo
1642 954 1831 1016 gemino
1863 952 2144 1002 distraheris
2175 952 2227 1002 iu
2258 951 2468 1000 diversus
2491 954 2684 1026 partes.

469 1011 550 1061 An
569 1012 704 1063 illum
720 1014 993 1080 sectaberis,
1015 1032 1079 1067 an
1099 1018 1272 1068 istum.
1257 1015 1283 1055 '²
1330 1019 1532 1068 Necesse
1569 1024 1640 1068 est
1663 1025 1723 1069 ut
1754 1019 1991 1079 subiacens
2012 1017 2214 1067 duobus
2236 1015 2437 1067 domnii-s
2459 1014 2682 1076 vicissim

1396 1161 1547 1180 ‘000‘
1551 1159 1754 1181 ‘eene‘

1229 1290 1322 1335 155
1357 1286 1575 1337 Haecine
1600 1286 1740 1337 Edit.
1767 1286 1951 1352 steph.
2036 1265 2044 1272 ’

1472 1419 1687 1470 NOTAE

461 1538 491 1564 .·
538 1510 665 1576 Hoc,
684 1514 806 1582 qpod
825 1514 1002 1578 loquor,
1022 1514 1133 1565 inde
1152 1515 1247 1579 est]
1268 1515 1538 1581 Temporis
1616 1531 1701 1566 mo
1744 1514 1984 1580 capietur
2023 1510 2292 1574 avaritiae3
2361 1512 2448 1562 vel
2490 1515 2689 1561 contra.

474 1595 529 1639 et
553 1589 675 1640 vitae
693 1589 955 1656 ‘fugientis
970 1598 1186 1657 'partem
1210 1593 1367 1644 etiam
1391 1592 1540 1643 absu-

473 1670 559 1715 mo
582 1667 804 1732 aliquam
826 1669 1086 1735 loquendo
1110 1674 1300 1721 tecum.
1347 1668 1538 1722 Horat.

476 1741 582 1795 Od.
622 1757 662 1795 1.
703 1748 784 1794 11.
820 1744 991 1795 ‘Dum
1030 1745 1307 1812 loquimur,
1344 1745 1541 1810 fugerit

473 1818 657 1868 invida
676 1816 868 1872 'AEtasz
927 1836 1084 1887 carpe
1127 1821 1300 1873 diem!
1382 1825 1540 1873 Laeva

473 1897 684 1958 paulum
707 1912 852 1947 mens
877 1906 993 1949 erat
1004 1899 1282 1961 Turnebo‚
1303 1915 1417 1950 cum
1440 1914 1537 1951 xx.

474 1979 539 2022 l..
572 1974 708 2025 hunc
750 1977 922 2027 locum
968 1978 1045 2028 sic
1096 1979 1380 2041 intellexit3
1430 1981 1541 2043 quia

470 2050 601 2115 perit
635 2054 806 2103 sensim
825 2055 949 2118 vita,
970 2056 1081 2105 inde
1112 2055 1204 2105 tibi
1224 2057 1387 2120 loquor
1416 2060 1472 2106 ut
1492 2061 1544 2105 te

476 2135 690 2180 mmm
712 2131 995 2197 jubeantque
1015 2148 1206 2197 ompere
1225 2134 1426 2199 gaudia,
1458 2133 1542 2183 aii·

473 2211 660 2271 tapam
686 2209 779 2259 tibi
800 2215 1016 2274 peremit.
1081 2210 1257 2261 Multo
1292 2211 1464 2273 aliter,
1487 2218 1545 2261 et

475 2298 594 2334 cum
615 2286 748 2350 aliis,
785 2288 1052 2352 magisque
1090 2286 1157 2337 ad
1196 2301 1400 2337 sensum
1434 2288 1544 2337 Ho-

474 2361 598 2410 ratii
632 2362 907 2428 Persiique
946 2364 1019 2414 D.
1055 2363 1372 2429 Hieronym.·
1392 2365 1545 2414 Com-

475 2443 638 2487 ment.
689 2438 744 2489 in
802 2440 969 2504 Epist.
1016 2440 1083 2491 ad
1128 2441 1311 2494 Galat.
1354 2456 1443 2492 111.
1487 2447 1538 2491 6.

474 2513 816 2578 §Breveestss
850 2517 1036 2582 inquit,
1069 2520 1084 2548 ‘
1103 2519 1212 2568 vita
1244 2518 1393 2569 istius
1428 2532 1544 2569 cur·

477 2590 722 2642 ticulum:
777 2594 876 2644 hoc
929 2596 1100 2660 ipsum
1152 2595 1290 2660 quod
1342 2596 1542 2661 loquor,

478 2666 618 2732 quod
637 2669 825 2733 scribo,
846 2670 984 2735 quod
1002 2672 1195 2735 relego,
1212 2671 1279 2723 de
1305 2678 1542 2736 tempore

476 2758 610 2809 meo,
632 2745 758 2795 mihi
781 2754 872 2798 aut
895 2748 1107 2813 crescit,
1132 2754 1225 2798 aut
1246 2748 1486 2813 deperit?

484 2855 495 2865 -
544 2827 638 2873 154
660 2825 739 2874 Eu
759 2827 872 2889 quid
892 2828 1023 2892 agis]
1093 2827 1366 2878 Hactenus
1388 2827 1548 2878 Pros-

475 2900 716 2965 opopoeia
751 2902 842 2952 illa
865 2910 922 2952 et
954 2903 1190 2968 dialogus
1222 2904 1546 2970 perelegans.

476 2977 599 3028 Jam
639 2992 765 3028 vero
805 2980 1010 3031 Stoicus
1050 2981 1116 3031 ad
1148 2983 1417 3033 Damam:
1466 2983 1548 3032 En

475 3053 639 3117 igitur
675 3055 742 3105 ad
779 3056 987 3107 diversa
1031 3059 1400 3125 contrariaque
1442 3067 1547 3110 tra-

476 3131 634 3196 heris,
653 3134 755 3184 huc
792 3134 860 3184 ad
897 3136 1126 3200 quietem
1161 3144 1217 3188 et
1248 3140 1548 3204 voluptates

474 3218 509 3256 a
528 3209 750 3274 luxuria,
773 3212 896 3262 illuc
922 3213 986 3262 ad
1010 3215 1209 3264 lucrum
1230 3223 1287 3265 et
1315 3216 1549 3266 laborem

477 3284 546 3334 ab
581 3287 818 3350 avaritia,
853 3288 975 3352 quid
1011 3290 1172 3355 igitur
1203 3291 1395 3343 fa'cies?
1429 3294 1549 3346 Quo

478 3367 539 3411 te
569 3365 874 3413 convertes?
906 3364 1093 3416 Jamne
1124 3368 1286 3418 sentis
1323 3374 1380 3417 et
1417 3366 1549 3418 fate-

476 3437 619 3488 beris
654 3446 711 3490 te
751 3455 866 3491 esse
901 3457 1122 3509 servum,
1157 3451 1213 3495 et
1247 3445 1427 3496 duram
1450 3446 1548 3496 sub

478 3515 624 3566 duris
645 3517 866 3567 dominis
891 3522 1086 3572 servire
1106 3523 1441 3574 servitutem?
1528 3534 1537 3554 ²

490 3613 498 3621 ·
543 3594 743 3658 Duplici
771 3595 822 3645 in
861 3597 1097 3648 diversum
1127 3600 1357 3649 scinde-ris
1387 3600 1551 3664 humo]

478 3670 641 3720 Varia
676 3671 896 3736 duplicis
928 3675 1196 3726 servitutis
1230 3678 1549 3728 necessitate

415 3753 423 3765 ‘
477 3762 751 3814 oppressus
773 3750 918 3817 quasi
941 3751 1265 3805 discindet-is.

543 3826 730 3890 Hanno]
782 3827 1005 3879 Prorsus
1039 3829 1105 3879 ad
1145 3845 1254 3881 rem
1284 3837 1367 3883 est
1408 3832 1548 3898 quod

476 3903 628 3954 initio
649 3905 794 3955 Libri
817 3905 885 3957 de
907 3907 1104 3958 invidia
1125 3916 1179 3960 et
1200 3909 1319 3960 odio
1342 3898 1550 3961 Plutarss

479 3981 607 4032 chus
626 3983 734 4044 ait;
783 3984 954 4033 υἰέἰιιπι
986 3985 1140 4043 hamis
1160 4001 1256 4036 esse
1275 3988 1412 4051 quasi
1442 3989 1550 4052 plu·

476 4057 613 4107 vibus
640 4058 929 4110 metum
948 4066 995 4111 et
1017 4068 1271 4128 armatam,
1293 4063 1553 4126 πολυάγκι-

480 4148 655 4200 στρονε
708 4144 855 4187 certe
895 4151 1026 4201 pura
1047 4139 1214 4189 virtus
1250 4155 1370 4192 rara
1403 4142 1510 4190 avis
1530 4157 1548 4191 ε

478 4212 567 4276 qni
586 4211 1011 4265 luxuriaesordes
1029 4213 1292 4280 effugerit,
1323 4223 1378 4266 et
1411 4215 1552 4267 foeda

481 4289 805 4356 voluptatum
839 4290 1049 4342 cavebit
1081 4293 1364 4361 lenocinia,
1381 4294 1425 4345 is
1461 4294 1562 4344 ba·-

1619 1592 1935 1656 Metapbora
1969 1597 2052 1640 est
2085 1605 2115 1640 a
2156 1589 2461 1654 piscatione,
2495 1588 2548 1637 in
2590 1592 2690 1652 'qua

1620 1669 1788 1733 pisces
1813 1669 1963 1718 hamo
1987 1683 2078 1719 seu
2098 1682 2219 1717 esca
2241 1667 2452 1715 diversa
2485 1672 2539 1716 et
2561 1665 2691 1716 mul·

1620 1745 1790 1811 tiplici
1828 1746 2138 1811 quandoque
2173 1744 2490 1836 inescantur,
2530 1749 2589 1793 ut
2611 1746 2692 1792 ca·

1620 1823 1832 1888 piantur
1854 1823 2119 1874 alterutro.

1625 1920 1634 1925 ·
1686 1904 1779 1950 155
1821 1900 2070 1949 Hunccine
2087 1915 2151 1949 an
2168 1900 2290 1949 huuc
2310 1895 2541 1961 sequeris]
2602 1894 2689 1945 Au

1621 1978 1910 2042 avaritiam,
1950 1992 2013 2028 an
2052 1977 2343 2027 luxuriam?
2390 1974 2585 2037 otium,
2625 1980 2691 2023 au

1622 2055 1875 2106 sudores?
1906 2057 2127 2116 lucrum,
2149 2068 2213 2103 an
2237 2048 2571 2116 voluptates?
2661 2070 2674 2079 ·

1690 2131 1870 2181 Subeus
1888 2132 2098 2180 alternus
2118 2127 2325 2194 oportet]
2350 2127 2489 2178 Quid
2509 2125 2549 2175 si
2570 2124 2694 2174 utri-
2795 2128 2802 2136 ‘

1627 2223 1727 2274 que
1764 2207 2119 2257 serviendum?
2175 2204 2331 2254 modo
2368 2201 2510 2264 huic,
2543 2200 2695 2250 modo

1624 2282 2103 2346 illiobtemperanS,
2127 2295 2278 2345 quam
2319 2278 2503 2327 miser!
2553 2274 2696 2325 haud

1625 2358 1865 2425 profecto
1888 2358 2187 2423 simpliciter
2208 2355 2398 2405 fueris!
2487 2362 2495 2373 ‘
2623 2367 2630 2375 ·
2677 2358 2697 2375 ²·

1685 2440 1782 2486 156
1814 2435 2034 2499 Ancipiti
2072 2434 2282 2498 obsequio
2311 2431 2547 2495 dominos]
2602 2429 2690 2480 Bi-

1621 2529 1714 2564 nas
1759 2514 2126 2563 dominatrices
2170 2512 2396 2561 vicissim
2455 2506 2695 2575 sequens,

1624 2593 1813 2643 dubius
1857 2592 2085 2656 interim,
2124 2589 2230 2641 utri
2273 2588 2602 2654 potissimum
2642 2593 2696 2637 te

1626 2670 1852 2720 addicas.
2681 2673 2691 2689 '

1695 2744 1952 2810 Obsequio]
2005 2745 2353 2796 Reconditum
2375 2743 2428 2792 in
2449 2743 2546 2793 bac
2570 2756 2697 2793 voce

1627 2837 1833 2874 sensum
1878 2824 2063 2888 vulgus
2107 2822 2242 2872 haud
2274 2821 2553 2886 expiscari,
2594 2834 2700 2869 mo-

1628 2906 1757 2953 nent
1777 2900 2072 2952 doctiores:
2098 2912 2220 2950 'non
2261 2906 2346 2949 est
2382 2899 2702 2963 obsequium,

1625 2985 1688 3028 ut
1711 2985 1915 3043 putant,
1937 2976 2236 3039 famulatus,
2255 2977 2341 3025 vel
2359 2991 2522 3040 opera
2544 2975 2701 3026 alicui

1627 3063 1815 3105 navata
1839 3071 1854 3117 ;
1904 3054 1996 3105 sed
2019 3055 2273 3121 patientia
2302 3059 2358 3103 et
2378 3053 2703 3117 indulgentia

1627 3131 1752 3196 erga
1774 3131 1899 3181 alios
1922 3131 2097 3195 nimia,
2121 3146 2223 3196 qua
2239 3144 2416 3180 eorum
2437 3129 2700 3179 voluntati

1628 3215 1685 3259 et
1717 3208 1920 3258 libidini
1955 3210 2073 3273 plus
2107 3223 2256 3274 aequo
2295 3206 2702 3270 obsecundatur,

1630 3286 1785 3335 etiam
1810 3291 1995 3352 contra
2017 3283 2096 3334 fas
2119 3290 2175 3335 et
2201 3285 2473 3346 rationem,
2495 3292 2556 3334 ut
2592 3285 2702 3334 vul-

1631 3360 1915 3427 gofaciuut
1936 3368 2304 3411 assentatores.
2359 3361 2631 3410 Terentius
2649 3359 2702 3409 in

1628 3438 1848 3500 Andria,
1869 3438 2151 3503 'obsequium
2209 3438 2454 3502 opponit·
2486 3437 2703 3500 veritati,

1630 3531 1732 3583 qua
1749 3516 1834 3565 vel
1857 3516 2010 3565 amici
2052 3529 2411 3581 nonnunquam
2436 3513 2706 3565 offendun-

1632 3599 1735 3657 tur,
1778 3593 1911 3645 adeo
1954 3594 2142 3643 nolunt
2190 3592 2423 3642 homines
2466 3591 2701 3657 proprios

1631 3686 1807 3721 naevos
1830 3677 1886 3720 et
1909 3683 2111 3720 errores
2150 3668 2344 3732 videre,
2379 3668 2463 3718 vel
2499 3668 2701 3718 audire.

1530 3770 1561 3811 χ
1631 3746 1993 3811 ‘Obsequium
2039 3746 2252 3808 amicos,
2289 3743 2481 3795 veritas
2526 3744 2703 3794 odium

1632 3823 1801 3890 parit!
1845 3826 2039 3876 -Quem
2077 3824 2249 3872 locum
2295 3829 2350 3871 et
2390 3822 2703 3871 sententiam

1629 3902 1859 3952 illustrat
1903 3901 2091 3952 Cicero
2130 3900 2182 3950 in
2220 3898 2401 3957 Laelio,
2441 3912 2580 3947 num.
2622 3902 2703 3949 91.

1630 3979 1646 4007 ‘
1665 3976 1932 4042 Molesta‚'
1956 3977 2144 4044 inquit,
2176 3978 2192 4005 ‘
2211 3976 2401 4025 veritas
2422 3981 2524 4037 est,
2548 3974 2703 4040 siqui·

1631 4058 1750 4107 dam
1772 4070 1840 4107 ex
1871 4064 1940 4107 ‘ea
1970 4055 2204 4105 nascitur
2228 4052 2423 4115 odium,
2448 4051 2587 4117 quod
2620 4056 2724 4101 est..

1632 4146 1887 4184 venenum
1925 4131 2203 4182 amicitiae:
2258 4130 2349 4178 sed
2396 4128 2704 4193 obsequium

1629 4211 1794 4262 multo
1815 4209 2099 4272 molestius,
2117 4207 2254 4273 quod
2276 4206 2512 4271 peccatis
2534 4204 2700 4254 indu}-

1630 4296 1757 4353 μω
1778 4286 2107 4355 'praecipltem
2123 4284 2360 4336 -amicum
2392 4280 2520 4333 ferri
2540 4278 2701 4332 sinit?
2747 4294 2751 4300 ’
