3084 4934
562 372 697 440 224

565 533 670 586 sius
689 547 893 584 sensum
908 519 1225 597 absolverat,
1236 548 1352 583 cum
1373 534 1633 585 volentem

565 610 822 661 sciscitari
843 611 908 660 ab
927 611 1051 674 isto,
1075 625 1138 660 au
1158 626 1261 660 non
1294 610 1330 661 J
1335 626 1481 661 ovem
1505 625 1631 675 quo-

552 687 642 738 'vis
654 686 832 751 judice
856 687 1075 738 humano
1097 694 1309 753 putaret
1335 687 1631 752 justiorem,

565 762 849 813 antevertit
887 763 1142 826 petitione
1181 778 1272 814 sua
1311 764 1428 828 iste,
1467 772 1520 814 et
1556 764 1631 813 ait
1695 793 1700 798 ·

561 836 788 891 cuinam?
844 840 988 906 quasi
1027 839 1354 905 stupefactus
1397 841 1629 891 novitate

559 915 713 980 hujus
766 915 1190 979 interrogationis
1244 916 1440 981 excipit
1501 930 1628 966 vero

560 992 794 1052 Persius,
812 989 1032 1042 cuinam?
1069 992 1333 1044 Cmubon.

627 1074 691 1119 19
721 1070 825 1132 Vis,
838 1069 946 1133 ἔγω]
969 1069 1145 1120 Staius
1163 1076 1306 1120 tutor
1321 1070 1626 1135 pupillarius

557 1144 656 1196 fuit
678 1163 690 1196 ε
727 1147 896 1197 Gutta
925 1156 979 1196 et
1003 1147 1188 1208 Albus,
1213 1153 1268 1197 et
1289 1149 1466 1199 ca‘teri
1490 1163 1625 1213 prae-

557 1223 734 1288 positi,
751 1222 1199 1289 fueruntjudices:
1220 1225 1308 1289 qui
1328 1225 1377 1274 in
1397 1225 1431 1276 J
1437 1225 1625 1275 uuiano

548 1301 1019 1366 judiciocorrupti,
1043 1301 1392 1366 Oppianicum
1416 1302 1623 1352 damna-

560 1384 763 1430 verunt.
781 1379 886 1429 Vet-
902 1378 1078 1428 δελ*
1092 1379 1176 1430 Vis
1188 1378 1350 1441 Staio]
1364 1379 1526 1430 Quasi
1545 1378 1621 1428 di-

557 1461 662 1519 cat,
680 1457 869 1521 quaeris
891 1455 1256 1506 cui‘hominum
1278 1454 1461 1506 Jovem
1476 1460 1621 1504 ante·

557 1532 852 1599 ponendum
886 1533 1161 1582 censeam?
1204 1546 1408 1596 possem
1442 1530 1620 1581 dicere

550 1609 775 1672 nullum3
799 1610 889 1659 sed
909 1609 1027 1659 dico
1045 1605 1180 1674 quod
1199 1621 1388 1672 negare
1402 1622 1506 1657 non
1530 1622 1621 1671 po-

542 1686 844 1750 'tes‚Jovem
860 1688 1005 1737 Staio
1029 1687 1209 1737 saltem
1235 1694 1502 1751 praestare.
1525 1689 1620 1739 Ca·

549 1762 680 1811 saub.
708 1763 832 1813 Fuit
847 1770 1018 1814 autem
1034 1764 1116 1814 bic
1137 1763 1302 1814 Staius
1313 1762 1498 1813 Albius
1510 1764 1620 1829 Op-

549 1839 805 1903 pianicus,
838 1841 928 1906 qui
964 1840 1229 1891 veneficiis
1266 1840 1617 1905 Oppianicum

548 1914 765 1968 fratrem
803 1924 860 1968 et
904 1933 1118 1968 uxorem
1160 1918 1452 1968 Cluentiam
1503 1919 1615 1983 ejus

549 1994 833 2058 gravidam,
856 1995 1306 2061 appropinquante
1329 2001 1485 2058 partu
1508 2010 1614 2045 sus·

548 2072 684 2124 tulit.
719 2073 915 2123 Contra
935 2089 1085 2139 quem
1107 2073 1216 2124 Cic.
1234 2087 1328 2136 pro
1351 2073 1611 2124 Cluentio.

545 2149 868 2201 Lahiru—An
878 2149 1084 2213 scilicet]
1108 2152 1239 2201 Haec
1256 2151 1330 2202 ita
1344 2166 1444 2201 uno
1463 2151 1613 2215 spiri-

545 2232 602 2276 tu
624 2228 995 2291 continuanda,
1027 2228 1231 2278 sublata
1253 2228 1614 2292 iuterrogatio·

528 2299 622 2352 'nis
639 2309 782 2366 uota,
797 2319 911 2369 quae
928 2305 1082 2367 vulgo
1101 2304 1312 2368 ponitur
1329 2310 1447 2368 post
1459 2305 1609 2354 heres.

539 2378 769 2442 Scilicet,
794 2380 978 2445 inquit,
1015 2381 1258 2432 dubitare
1296 2382 1482 2447 aliquis
1522 2398 1611 2447 po·

543 2461 669 2518 test,
687 2457 785 2507 boc
809 2465 910 2518 est,
949 2459 1152 2508 omuino
1192 2458 1434 2509 dubitare
1457 2474 1610 2509 nemo

543 2538 740 2596 potest,
762 2534 886 2598 quin
910 2535 1091 2584 melior
1113 2536 1180 2584 sit
1201 2533 1406 2585 futurus
1420 2535 1609 2601 judex,

534 2617 694 2673 'quam
735 2609 927 2660 Staius·
962 2610 1224 2660 casaubon.
1293 2610 1357 2660 Ei
1388 2612 1527 2675 apud
1551 2627 1608 2662 se

539 2685 867 2748 deliberanti,
879 2686 1066 2753 ecquid
1083 2687 1272 2738 ,Iovem
1289 2688 1448 2738 etiam
1463 2688 1608 2740 Staio

540 2762 702 2812 vellet
740 2777 1062 2827 proepouere‚
1101 2762 1166 2812 ob
1212 2763 1266 2812 id
1307 2763 1607 2829 indignatur

524 2835 724 2889 Poeta.
791 2839 951 2892 Quasi
974 2838 1149 2889 dica'tz
1180 2840 1266 2890 An
1285 2840 1491 2891 dubitas
1515 2842 1605 2892 ad·

537 2913 659 2978 buc,
682 2916 793 2981 quis
832 2917 968 2965 inter
988 2917 1190 2968 ‘Jovem
1214 2925 1270 2966 et
1291 2917 1491 2967 Staium
1516 2932 1606 2981 po-

538 2992 639 3041 tior
662 2993 916 3057 et‘justior
947 2994 1115 3058 judex
1137 2994 1223 3056 sit,
1244 3000 1299 3043 et
1323 2995 1496 3058 pueris
1520 3009 1601 3043 or-

524 3067 633 3132 bis,
654 3070 735 3119 vel
758 3071 971 3135 pupillis
992 3071 1183 3136 aptior,
1203 3073 1287 3120 vel
1326 3072 1499 3122 utilior
1520 3079 1601 3122 tu-

524 3147 619 3196 ‘tor
634 3144 847 3197 futurus
870 3148 970 3197 sit?
1000 3148 1176 3200 hubin.

597 3228 662 3273 2⁰
697 3224 838 3288 Qm‘s,
859 3225 965 3287 ξω]
998 3224 1084 3274 Ad
1119 3226 1318 3275 scelera
1353 3226 1485 3276 Staii
1518 3241 1598 3276 re·

516 3300 702 3363 spicit.
785 3302 948 3353 Quasi
995 3303 1160 3351 dlcat:
1219 3303 1318 3352 Cui
1363 3302 1597 3364 dubium,

529 3377 652 3441 quin
678 3378 850 3427 Staius
875 3378 1096 3428 omnium
1121 3379 1366 3443 ‘judicum
1384 3386 1438 3429 et
1462 3389 1597 3430 tuto-

526 3459 644 3501 rum
682 3454 751 3503 sit
786 3454 1186 3519 perditissimus,
1215 3455 1431 3518 Jupiter
1469 3467 1594 3505 vero

525 3530 756 3594 optimus
800 3539 864 3581 ac
909 3532 1158 3583 immenso
1203 3533 1476 3583 intervallo
1508 3534 1594 3585 bic

516 3604 599 3655 illi
625 3605 1017 3670 praeferendus?
1048 3609 1203 3658 idem.

517 3693 525 3704 ¹
589 3686 652 3733 21
688 3683 1105 3748 Hocigitur,&c.]
1140 3685 1193 3734 Si
1215 3700 1341 3749 ergo
1363 3686 1451 3735 illa
1472 3692 1595 3736 vota

496 3756 680 3807 stetim
703 3759 968 3809 sceleratis
990 3761 1198 3825 ingrata
1218 3768 1472 3826 sun't,quo
1488 3775 1594 3811 ma-

523 3833 603 3897 gis
625 3835 1120 3900 Jnv‘r?—1mp211ere]
1166 3837 1452 3903 inducere,
1477 3853 1595 3903 per-

522 3910 763 3974 suadere,
784 3913 865 3962 vel
890 3927 1092 3977 urgere.
1160 3914 1311 3964 Idem.

585 3992 651 4037 22
687 3989 806 4053 Die,
826 3990 932 4055 ξω]
982 3990 1046 4039 Id
1071 3998 1170 4054 est,
1189 3979 1308 4054 A'ge
1346 3992 1453 4055 iua,
1474 4008 1590 4057 quae

512 4063 645 4116 -Jovj
682 4066 821 4114 iuter
858 4068 1171 4131 precandum
1204 4068 1356 4128 dicis,
1379 4069 1463 4119 dic
1501 4070 1592 4119 ilia

514 4146 580 4190 'et
595 4142 869 4192 committe
903 4145 1113 4195 auribus
1135 4145 1285 4207 Staii,
1306 4146 1387 4194 vel
1414 4155 1539 4209 pete
1560 4159 1591 4195 a

510 4216 871 4282 &raim—Pro,
908 4220 1013 4284 ξω]
1061 4221 1124 4269 Id
1149 4231 1253 4284 est,
1280 4223 1455 4272 Staius
1480 4224 1589 4287 ple—

508 4303 618 4341 nus
652 4291 767 4359 iroe,
799 4292 988 4345 furoris
1012 4302 1068 4346 et
1091 4297 1476 4364 indignationis,
1513 4299 1589 4349 iu²

1268 389 1513 440 NorAE*
1534 389 1940 440 vammum
1990 390 2070 439 IN

1707 521 1956 583 clamabit
2006 533 2213 585 Jovemz
2279 527 2444 586 Quasi
2497 531 2673 583 dit-att
2727 531 2779 582 Ο

1706 609 1939 674 Jupiter!
1976 608 2122 659 audis
2150 609 2263 660 hoec
2285 616 2343 660 et
2366 623 2469 659 non
2503 606 2785 659 fulminas?

1705 684 1881 736 Lubin.

1770 765 1834 811 23
1867 763 2082 826 Jupiter,
2113 763 2221 829 ξω]
2252 763 2345 812 Vis
2381 763 2467 813 hic
2499 763 2779 827 imparium

1704 838 1957 902 majorum
1996 839 2143 888 latet.
2227 838 2368 902 Ergo
2412 839 2577 888 multo
2616 839 2781 903 magis

1703 914 1851 963 Deus
1885 914 1997 978 ipse
2032 914 2354 977 inclamabit,
2393 914 2471 965 ira
2514 921 2572 966 et
2609 914 2778 978 iudig-

1698 991 1913 1041 natione
1932 997 2121 1042 motus.
2154 991 2263 1041 Alii
2285 1005 2381 1056 pro
2397 996 2470 1054 at,
2485 994 2548 1041 ad
2569 991 2774 1055 legunt.

1699 1068 1877 1120 Lubias.

1764 1149 1829 1194 24
1886 1146 2145 1211 Ignes-isse,
2177 1145 2284 1210 esa]
2336 1145 2645 1210 Respondet
2683 1144 2779 1196 ob-

1688 1219 1911 1284 jectioni
1933 1221 2130 1286 tacite,
2151 1221 2306 1274 Quod
2320 1224 2495 1272 Deum
2508 1236 2614 1271 non
2632 1236 2777 1272 com·

1693 1304 1926 1349 moveat.
1981 1298 2119 1348 Nam
2141 1299 2185 1348 si
2204 1305 2622 1349 commoveretur
2642 1300 2779 1365 ejus-

1699 1374 1840 1424 modi
1878 1374 2034 1438 votis,
2079 1373 2296 1424 fulmine
2328 1374 2508 1424 statim
2541 1375 2774 1441 aliquem

1697 1458 2017 1515 percuteret.
2050 1452 2229 1502 Valet.
2294 1451 2312 1479 ‘
2342 1451 2515 1502 Lento
2556 1452 2772 1518 quidem

1699 1528 1880 1592 gradu,
1900 1528 1967 1578 ad
1992 1528 2277 1584 vindictam
2307 1528 2485 1579 divina
2524 1530 2771 1593 procedit

1694 1604 1788 1669 ira,
1809 1605 1901 1654 sed
1921 1605 2224 1656 tarditatem
2247 1605 2490 1670 supplicii
2509 1606 2773 1669 gravitate

1694 1684 2033 1749 compensat?
2074 1684 2257 1735 Labia.
2326 1686 2397 1735 Et
2434 1685 2488 1734 hi
2525 1684 2631 1735 duo
2655 1699 2772 1735 ver-

1694 1773 1779 1809 sus
1822 1760 1933 1810 sine
1966 1760 2384 1825 ‚interrogatione
2419 1761 2603 1811 melius
2642 1762 2772 1812 scri-

1693 1836 1917 1887 bunturz
1977 1844 2038 1887 ut
2074 1833 2482 1903 pronuntientur
2513 1852 2545 1887 a
2577 1838 2767 1889 Persio

1688 1911 1870 1977 ἑτλῦς,
1890 1923 2133 1965 narrante
2150 1916 2285 1965 banc
2303 1915 2444 1980 vulgi
2466 1914 2767 1966 stultitiam.

1693 1992 2154 2056 casaubon—[lex]
2204 1992 2418 2055 Species
2472 1989 2766 2042 durissimas

1683 2084 1928 2134 quercus,
1962 2072 2070 2120 alta
2104 2075 2160 2119 et
2182 2069 2427 2133 grandin
2477 2068 2547 2118 ob
2585 2067 2641 2118 id
2665 2067 2765 2119 ful-

1684 2135 1872 2196 minari
1894 2147 2017 2196 talia
2039 2147 2225 2196 solent.
2290 2145 2465 2195 laabin.
2563 2167 2568 2174 ·

1682 2246 1692 2256 ·
1752 2229 1815 2274 25
1851 2224 2104 2289 Sulphure,
2122 2224 2226 2289 ξω]
2254 2224 2482 2287 Sulphur
2498 2223 2637 2274 enim
2673 2223 2764 2274 ad·

1676 2303 1919 2367 junctum
1942 2301 2195 2364 fulminis,
2220 2300 2435 2365 sulphur
2456 2301 2760 2353 redolentis.

1684 2380 1814 2428 Turn
1825 2378 2017 2439 fulmen
2048 2379 2222 2443 iguem
2252 2391 2456 2427 sacrum
2478 2378 2759 2429 vocabant.

1683 2457 1839 2507 ‘Idena
2231 2465 2235 2470 ’

1749 2538 1815 2584 26
1846 2534 1929 2585 Aa
1965 2534 2095 2598 qaia,
2247 2579 2260 2596 ἐ
2289 2533 2356 2582 In
2398 2547 2493 2582 usu
2530 2531 2656 2597 fuit,
2696 2540 2756 2583 ut

1685 2626 1924 2677 augures,
1962 2612 2049 2662 vel
2305 2671 2346 2682 1·
2422 2610 2637 2660 adducti
2687 2610 2756 2661 de

1682 2684 1914 2748 Etruria,
1954 2689 2114 2739 certis
2157 2717 2162 2721 -
2237 2739 2256 2746 ⁷,
2307 2688 2486 2737 ‘ribus
2534 2685 2755 2737 fulmina

1682 2767 2046 2831 transfigurata
2079 2767 2131 2816 in
2153 2767 2354 2830 lapides
2393 2764 2529 2818 infra
2559 2759 2754 2815 terram

1681 2844 2084 2906 absconderent,
2104 2844 2254 2908 cujus
2279 2839 2649 2906 impetratione
2677 2843 2753 2893 rei

1679 2936 1800 2971 oves
1852 2920 2271 2971 immolabantur.
2347 2919 2451 2969 Vct.
2490 2917 2754 2968 Sela—Ars

1676 2999 1806 3063 quia,
1838 2998 1945 3062 ξω]
2016 2996 2099 3046 Ad
2144 2996 2424 3047 secundam
2483 2996 2751 3062 prolepsin

1677 3074 1977 3138 respondet.
2081 3069 2331 3127 Quamvis
2381 3087 2484 3123 non
2533 3072 2751 3124 fulmine

1675 3166 1952 3216 percussus
1990 3150 2041 3199 in
2078 3150 2195 3200 luco
2223 3149 2424 3214 jaceas,
2459 3150 2634 3199 tanicn
2657 3149 2751 3201 Jo-

1673 3243 1789 3279 vem
1809 3241 1910 3277 non
1935 3227 2095 3278 debes
2118 3226 2611 3290 irridere—Fibra]
2647 3228 2755 3276 Ex-

1672 3299 1742 3356 tis'
1777 3314 1833 3355 et
1865 3306 2121 3355 intestinis
2148 3304 2336 3367 ovium,
2365 3303 2549 3368 quibus
2572 3304 2753 3367 expia·

1674 3381 2032 3444 ris—ovium]
2068 3381 2204 3433 Quia
2238 3380 2316 3428 his
2357 3380 2650 3430 mitioribus
2674 3380 2748 3430 ci·

1673 3459 1777 3508 tius
1799 3457 2056 3522 putabant
2080 3457 2206 3506 iram
2244 3457 2471 3506 Deorum
2496 3456 2747 3521 mitigari.

1667 3534 2123 3596 laabim—Fibris,
2175 3533 2280 3596 Qua]
2336 3532 2426 3582 ‘Er
2476 3533 2552 3583 διὰ
2600 3537 2748 3586 δυοῖν.

1672 3612 1858 3675 Neque
1907 3611 2043 3660 enim
2099 3610 2203 3669 duo
2248 3616 2368 3660 sunt
2421 3612 2746 3663 consultores

1669 3688 1916 3750 Ergenna
1944 3695 2000 3736 et
2036 3686 2180 3736 fibrae
2217 3687 2408 3747 ovium,
2429 3688 2522 3736 sed
2545 3689 2747 3738 consul—

1669 3763 1738 3812 tis
1793 3770 2140 3821 mactatarum
2189 3763 2363 3813 ovium
2406 3764 2573 3827 fibris,
2619 3766 2741 3830 quid

1670 3853 1799 3902 opus
1834 3840 1901 3889 sit
1942 3840 2097 3889 docet
2133 3839 2399 3903 Ergenna.
2469 3842 2744 3892 Garrah.—

1668 3915 2007 3979 Ergenaaque]
2057 3918 2335 3986 *aa
2375 3920 2517 3967 enim
2552 3934 2743 3972 nomen

1668 3993 1937 4062 proprium⁸
1955 3993 2254 4043 Sacerdotis
2274 3992 2531 4057 fulgurum
2566 3995 2743 4045 condi-

1666 4069 1815 4133 toris,
1856 4067 2130 4133 Aruspieis
2175 4070 2741 4137 Hetrusci.-Jubente]

1664 4147 1930 4211 Tanquam
1969 4148 2058 4197 ille
2104 4147 2550 4212 juberet‚·locum
2593 4146 2744 4198 illum

1664 4236 1765 4271 nou
1813 4224 2134 4286 tangendum
2173 4235 2304 4272 esse.
2388 4223 2564 4275 Lubias.
2721 4237 2728 4244 ·

1718 4303 1782 4349 27
1820 4299 2074 4366 Bidental]
2097 4302 2268 4351 Locus
2291 4313 2443 4352 sacro
2458 4314 2739 4366 percussus
