3084 4934
567 384 662 454 *78

1353 398 1426 451 A.
1454 399 1720 450 PB-Rsu
1769 399 2036 449 FLAccl
2131 410 2136 414 ’

567 546 742 627 Quae
771 553 958 633 pater
977 544 1297 614 adductis
1320 545 1578 613 sudans
1605 545 1872 619 audiret
1901 547 2170 612 amieis:

563 651 761 717 Jure:
806 651 1048 717 etenim
1072 646 1145 716 id
1173 669 1523 728 summum,
1553 649 1715 735 quid
1747 649 1994 716 dexter
2021 650 2207 719 senio
2236 618 2450 732 ferret,

557 795 788 860 proximi,
805 794 942 846 vul&
959 796 1237 846 minanda
1257 810 1291 844 a
1305 811 1347 859 p.
1342 800 1587 857 wceptore
1605 809 1782 856 severo,
1803 810 1913 859 φια-
1946 809 2118 859 pareas
2137 808 2281 845 meus
2317 796 2531 846 sudorem
2554 795 2782 847 emittens

560 861 850 911 auscultaret
881 862 1144 912 convocatis
1171 860 1515 922 familiaribus.
1585 860 1715 911 Nam
1750 831 1870 911 i’llud
1909 861 2077 911 merito
2106 860 2396 925 precipuum
2424 865 2531 912 erat
2566 862 2693 913 mihi
2729 862 2782 913 ia

1501 966 1795 991 &mmud
1798 973 1861 992 ‘O

563 1036 699 1091 ΕΜ.
757 1039 958 1090 Discere
988 1038 1048 1090 ab
1085 1040 1277 1090 insano.-
1319 1039 1381 1091 C.
1418 1039 1578 1092 habet
1623 1040 1779 1122 dicere
1823 1045 1872 1090 et
1915 1040 2228 1090 insuam—⁴8
2278 1054 2454 1090 samnio
2495 1040 2604 1090 Ma.

2658 1041 2777 1091 Gal.

1564 1154 1777 1205 NOTAE

563 1245 722 1295 Forte
763 1249 819 1294 et
860 1243 1126 1295 Juvenalis
1170 1243 1246 1293 ait
1284 1242 1370 1293 hic
1413 1236 1630 1294 Catonis

563 1319 727 1370 verba
778 1321 998 1369 multum
1051 1319 1332 1379 laudanda,
1361 1333 1392 1369 a
1435 1321 1632 1385 Magis-

563 1403 668 1459 tro,
735 1402 794 1445 nt
832 1411 993 1459 puero
1048 1397 1242 1448 aiiimos
1295 1396 1515 1448 adderet
1568 1412 1631 1448 ac

559 1474 814 1527 stimulos:
838 1487 972 1534 nam,
988 1480 1048 1523 ιιι
1069 1474 1144 1523 ait
1160 1473 1354 1525 ovid.‘
1378 1474 1629 1526 Laudata-

562 1563 666 1617 que
705 1550 872 1601 virtus
930 1550 1157 1613 Crescit;
1205 1559 1263 1602 et
1319 1552 1626 1603 immensum

560 1628 725 1694 gloria
745 1630 916 1678 calcar
935 1628 1138 1678 habet!

623 1708 690 1755 4⁷
741 1706 862 1763 Quae
891 1711 1030 1769 pater
1065 1705 1307 1770 addaaeis]
1349 1707 1625 1765 Declama-

557 1781 687 1832 bant
704 1782 852 1845 pueri
868 1788 1018 1832 sexta
1031 1796 1235 1849 quaque
1251 1782 1624 1848 die,praesente

558 1867 728 1924 patre,
750 1859 839 1925 qui
876 1863 1068 1910 amieos
1099 1867 1155 1910 et
1189 1866 1433 1926 cognatos
1465 1861 1518 1910 in
1553 1861 1626 1910 ln-

554 1935 682 1989 dmn
704 1944 1005 2002 corrogatos
1022 1937 1315 1989 adducebat
1331 1937 1399 1989 ad
1420 1938 1628 1988 andien-
1670 1986 1677 1997 ,

555 2013 682 2064 dnm
720 2011 899 2066 filium.
967 2015 1101 2067 Vide
1135 2014 1354 2069 Quintil·
1389 2029 1450 2067 ιι.
1488 2020 1536 2067 7.
1571 2021 1627 2067 et

552 2102 621 2147 1.
642 2095 693 2139 Ξ.

620 2166 833 2232 Sudaas]
875 2168 997 2218 Prae
1037 2167 1240 2231 laetitia,
1281 2174 1337 2219 et
1380 2175 1626 2232 expecta·

496 2312 497 2315 Ἴ
550 2242 698 2293 ‚tione
720 2243 920 2294 solicita
939 2251 1160 2295 eventus
1185 2246 1525 2296 recitationis.

617 2324 685 2370 48
705 2322 852 2386 Jure]
884 2322 1109 2375 Quidam
1130 2323 1213 2373 hic
1237 2331 1484 2389 separant
1507 2338 1621 2374 sen-

550 2411 691 2446 snm:
726 2397 814 2447 alii
847 2398 1078 2463 jungunt
1122 2415 1304 2451 vocem
1343 2401 1476 2451 hanc
1500 2416 1619 2450 cum

552 2474 904 2538 sequentibus.
993 2478 1208 2528 Utrovis
1261 2478 1415 2528 modo
1462 2479 1622 2542 legas,

544 2550 770 2612 perinde
809 2557 918 2612 est;
969 2567 1175 2617 semper
1207 2554 1341 2603 enim
1365 2554 1619 2617 puerilem

552 2638 759 2675 sensnm
797 2628 1199 2693 animadvertes,
1222 2630 1311 2695 qui
1354 2631 1480 2679 nihil
1521 2629 1620 2678 sibi

548 2703 687 2753 tanti
710 2705 1091 2770 aestimandum,
1114 2707 1269 2759 immo
1294 2714 1401 2757 tam
1444 2706 1617 2771 legiti-

548 2790 690 2828 mum
727 2779 854 2829 nihil
897 2775 1183 2843 existimat,
1202 2796 1357 2846 quam
1390 2782 1618 2845 pueriles

546 2865 703 2905 nosse
724 2855 870 2906 ludos
894 2858 961 2907 ad
985 2858 1244 2921 amussim,
1276 2848 1616 2924 ludorumque

546 2930 715 2996 leges.

618 3010 750 3066 Quia
783 3013 953 3060 dexter
986 3011 1116 3060 senio
1139 3008 1316 3077 ferret,
1353 3010 1490 3062 Scire
1509 3017 1615 3062 erat

546 3084 600 3136 in
640 3086 773 3151 veto]
827 3088 1107 3152 Praecipua
1149 3089 1271 3138 mihi
1315 3104 1614 3154 summaque

547 3170 665 3214 erat
707 3177 853 3225 cara,
884 3166 1020 3214 scire
1061 3165 1184 3231 qnid
1223 3175 1457 3229 noceret,
1486 3166 1612 3231 qnid

547 3239 818 3303 prodesset
859 3241 914 3289 in
959 3241 1079 3290 ludo
1118 3242 1353 3292 talorum.
1426 3240 1613 3294 ,Libet

542 3314 855 3381 investigare
891 3317 1007 3381 quis
1060 3318 1210 3382 hujus
1258 3317 1363 3367 ludi
1414 3319 1610 3382 primus

542 3398 748 3443 auctor.
818 3393 921 3442 Hic
963 3394 1161 3444 sustine
1203 3410 1284 3444 me
1337 3397 1610 3457 tantulum,

544 3464 678 3518 bone
702 3468 886 3519 lector.
953 3471 1260 3536 Quanquam
1283 3471 1417 3522 enim
1439 3472 1609 3536 pruri-

541 3545 654 3595 enti
692 3545 1002 3611 ardentique
1023 3548 1160 3612 stylo
1180 3546 1388 3597 modum
1410 3561 1606 3611 ponere

543 3636 607 3671 ac
645 3620 859 3671 fraenum
881 3623 1101 3687 injicere
1124 3624 1390 3686 consuevi,
1411 3631 1467 3674 at
1495 3624 1607 3688 jam

534 3696 801 3753 ,exultanti
842 3714 937 3764 per
956 3714 1209 3749 amoenum
1241 3712 1482 3765 campum
1515 3701 1611 3749 las-

538 3773 861 3841 civientique
904 3776 1130 3825 habenas
1172 3775 1361 3826 laxabo
1415 3778 1610 3841 paulis·

537 3864 654 3916 per.
718 3852 860 3901 Ecce
884 3866 1006 3902 vero
1027 3851 1189 3920 (quod
1207 3851 1427 3902 faustum
1451 3852 1603 3905 felix·

536 3940 643 3991 qne
664 3925 758 3988 sit)
807 3930 931 3978 Dux
965 3929 1280 3992 Burgundiae
1319 3931 1480 3980 natali
1513 3930 1600 3980 die

536 4002 639 4053 toti
681 4003 869 4054 Gauiae
909 4002 1095 4054 festiva
1136 4020 1376 4070 mappam
1420 4008 1599 4058 mittit.

534 4079 682 4143 Ergo
722 4087 907 4143 aperto
943 4081 1112 4131 stadio
1154 4081 1316 4131 libere
1359 4082 1601 4133 decurra-

536 4169 668 4207 mus.
753 4158 849 4221 Tu,
890 4157 1075 4218 lector,
1117 4158 1324 4213 interim
1364 4159 1490 4209 sede
1544 4160 1601 4210 in

532 4241 831 4298 scammate,
873 4234 943 4284 sis
986 4234 1143 4284 etiam
1181 4234 1524 4300 Aristarchus,
1556 4238 1601 4288 si

1711 1242 1806 1293 ciis
1838 1244 1969 1294 nihil
2006 1258 2107 1295 non
2132 1243 2366 1310 tentabo,
2395 1244 2522 1294 nihil
2543 1258 2647 1295 non
2680 1258 2781 1311 mo·

1709 1320 1828 1383 liar,
1849 1320 2188 1385 Agonotheta
2225 1321 2421 1386 Magno
2456 1322 2624 1385 Rege,
2654 1322 2779 1371 Del·

1712 1396 1977 1463 phin'oque
2001 1397 2367 1448 Serenissimoa·
2383 1397 2533 1460 Quis,
2553 1398 2779 1462 inquam,

1711 1476 1934 1525 talorum
1952 1476 2225 1525 inventor?
2273 1474 2338 1525 Id
2354 1482 2601 1538 arrogant
2622 1480 2780 1539 atque

1711 1552 2005 1602 attribuunt
2037 1552 2124 1600 alii
2152 1552 2284 1611 aliis,
2305 1550 2546 1616 inquiunt
2566 1551 2781 1600 nonnul-

1705 1629 1780 1689 li;
1816 1628 1974 1683 Plato
2001 1628 2197 1678 'l'henti
2222 1628 2585 1693 AEgyptiornm
2622 1629 2773 1677 Deo:

1705 1705 1977 1755 Palamedi
2035 1706 2340 1756 Eustathius
2400 1713 2558 1771 atque
2600 1705 2779 1755 Philo·

1704 1787 1933 1831 stratus:
1992 1782 2150 1845 Lydis
2194 1782 2511 1833 Herodotus.
2576 1782 2773 1831 Verum

1702 1857 1966 1908 enimvero
2005 1858 2146 1922 ipsos
2201 1857 2460 1908 Auctores
2514 1856 2775 1917 adeamus,

1704 1933 2099 1999 audiamusque:
2136 1948 2303 1999 neque
2327 1935 2441 1998 plus
2460 1933 2585 1983 satis
2604 1934 2775 1983 Inter·

1704 2011 1940 2076 pretibus
1962 2011 2093 2061 fides
2127 2011 2401 2061 habeatur.
2471 2010 2775 2063 Herodotus

1704 2088 1816 2154 (cui
1850 2104 1934 2139 me
1979 2088 2248 2152 astipulari
2284 2088 2460 2137 statim
2499 2084 2776 2152 profiteor)

1703 2163 1897 2215 diserte
1929 2163 2170 2229 affirmat,
2208 2171 2442 2228 tempore
2487 2162 2643 2229 Atyis
2681 2161 2778 2213 filii

1703 2238 1881 2293 Manis
1920 2242 2102 2307 Regis,
2137 2248 2406 2306 grassante
2446 2254 2662 2289 annona!
2687 2254 2773 2303 pe-

1700 2320 1864 2383 nuria,
1895 2320 2066 2384 Lydos
2105 2319 2365 2368 invenisse
2405 2316 2628 2367 omnium
2664 2316 2773 2382 qui-

1700 2394 1819 2445 dem
1858 2396 2096 2444 ludorum
2138 2410 2349 2460 genera,
2388 2400 2615 2457 excepto
2650 2407 2770 2457 nno,

1701 2473 1764 2523 ad
1806 2473 2184 2522 discutiendam
2216 2487 2401 2538 nempe
2435 2469 2658 2520 famem:
2696 2470 2772 2531 ita

1701 2556 1762 2600 ιιι
1800 2549 1969 2600 altera
2007 2551 2091 2600 die
2133 2549 2230 2600 toti
2275 2548 2470 2598 lusibus
2509 2548 2772 2612 occupati,

1701 2627 1866 2676 altera
1905 2642 2027 2676 vero
2065 2626 2233 2677 cibum
2276 2626 2562 2688 capientes,
2607 2624 2770 2673 vitam

1698 2710 1980 2769 utcumque
2016 2703 2362 2759 sustentarint
2384 2701 2531 2750 annis
2573 2701 2769 2751 dnode-

1698 2780 1903 2844 viginti.
1969 2780 2056 2830 Sic
2104 2780 2192 2829 ille
2226 2779 2411 2828 scribit
2451 2779 2484 2828 1.
2518 2791 2557 2827 ι.
2598 2793 2648 2827 ιι.
2687 2781 2768 2829 26.

1694 2855 2007 2920 Ἐξευρεθῆναι
2032 2849 2089 2914 δὴ
2108 2854 2222 2903 τότε
2261 2853 2452 2903 καὶτῶν
2480 2850 2655 2915 κύβων,
2690 2852 2768 2903 καὶ

1694 2935 1791 2983 τᾶν
1832 2930 2165 2998 ἀστραγάλων,
2204 2931 2281 2981 καὶ
2321 2933 2405 2991 τῆς
2439 2929 2656 2995 σφαίρης,
2690 2931 2768 2981 καὶ

1695 3011 1861 3062 ἄλλων
1895 3009 2087 3060 πασέων
2105 3008 2359 3073 παιγνιέων
2374 3010 2438 3058 τὰ
2460 3010 2611 3073 eldea,
2640 3007 2770 3068 πλὴν

1692 3091 1899 3138 πεσσῶν·
1945 3086 2128 3138 τούτων
2176 3087 2271 3152 ’γὰρ
2321 3085 2412 3146 τὴν
2457 3087 2638 3150 εὕρεσιν
2680 3086 2766 3137 οὐκ

1692 3163 1975 3224 οἰκηῖοῦνται
2006 3162 2160 3214 Λυδοί.
2233 3165 2365 3214 Tunc
2395 3164 2553 3226 igitur
2571 3163 2764 3214 inventa

1691 3248 1974 3294 tesserarum
1988 3260 2043 3294 ac
2060 3245 2263 3293 talorum
2279 3249 2327 3293 et
2342 3244 2454 3307 pilae
2480 3249 2763 3294 ceterorum·

1692 3336 1778 3385 que
1809 3322 2025 3370 ludorum
2066 3320 2276 3370 omnium
2319 3335 2518 3382 genera,
2562 3326 2764 3383 pra-ter-

1691 3413 1830 3462 quam
1863 3399 2142 3459 calculorum
2159 3413 2177 3447 .·
2243 3396 2409 3446 horum
2438 3398 2563 3445 enim
2600 3395 2762 3446 inven-

1687 3474 1863 3524 tionem
1883 3473 1975 3522 sibi
2006 3488 2098 3523 non
2133 3472 2376 3523 vindicant
2404 3473 2547 3537 Lydi.
2618 3474 2757 3524 Cave

1688 3557 1861 3600 antem
1884 3549 2177 3615 diligenter,
2193 3557 2252 3600 nt
2269 3550 2343 3599 sic
2366 3549 2551 3599 Latine
2568 3549 2757 3600 reddas

1687 3633 1891 3676 textum
1929 3627 2099 3687 hunc;
2145 3626 2363 3676 maxime
2404 3640 2528 3676 vero
2574 3640 2755 3677 vocem

1685 3704 1874 3753 πεσσῶν
1907 3702 1975 3752 de
2006 3703 2219 3753 calculis
2253 3703 2533 3767 intelligas,
2556 3718 2655 3752 uon
2686 3703 2753 3753 de

1688 3778 1841 3839 talis;
1876 3784 1937 3828 nt
1973 3779 2272 3828 dormitanti
2310 3778 2473 3827 Vallae
2510 3779 2751 3844 contigit,

1684 3853 1806 3904 dum
1856 3854 2147 3918 elegantem
2190 3855 2355 3918 magis
2402 3869 2554 3919 quam
2603 3869 2750 3904 accu-

1683 3940 1850 3983 ratam
1907 3933 2393 3997 interpretationem
2436 3934 2746 3984 elaboravit.

1682 4009 1831 4061 Quod
1856 4016 1913 4060 et
1935 4010 2099 4060 sensit
2142 4006 2401 4059 Henricns
2439 4010 2749 4073 Stephanus,

1680 4087 1888 4151 ejusque
1927 4101 2027 4135 non
2067 4086 2148 4137 hic
2188 4092 2408 4147 tantum,
2430 4084 2521 4134 sed
2557 4085 2745 4148 passim

1680 4176 1885 4212 errores
1932 4163 2241 4212 emendavit.
2308 4161 2512 4210 Vallam
2554 4160 2746 4211 fefellit

1682 4245 1742 4289 nt
1787 4246 1845 4289 et
1889 4239 2016 4288 alios
2049 4240 2365 4303 complures,
2404 4239 2541 4304 quod
2585 4252 2743 4291 voces

534 4306 707 4361 lubet·
741 4324 840 4375 ego
860 4326 984 4364 sane
1006 4318 1114 4363 tam
1130 4310 1408 4365 fortunatis
1426 4315 1601 4380 auspi·
1665 4306 1793 4365 istae
1815 4311 1953 4373 κύβοι
1983 4312 2173 4381 tesval,
2202 4312 2371 4373 κυβείιι
2389 4312 2603 4433 terrete,
2619 4329 2740 4382 pro·
