3084 4934
1170 421 1421 472 Pssltsu
1445 422 1631 478 ‚SAR
1679 426 1731 474 1.

339 550 754 612 fflornamentis
779 562 929 613 simul
952 570 1007 614 et
1030 577 1134 615 una
1164 580 1327 631 opera
1348 572 1405 616 et

341 635 715 692 absolutionem
751 646 804 689 et
849 640 1054 692 laudem
1097 648 1404 692 consecutu-

338 715 709 778 rum.—Ras=‘s]
773 717 982 780 Ingenti
1035 731 1160 768 cura
1194 718 1405 781 limatis,

338 791 614 853 perpolitis
636 807 832 842 summa
855 793 1122 845 industria.
1178 796 1276 845 Est
1297 810 1402 845 me-

338 865 558 930 tapbora
601 869 876 934 desumpta
914 872 980 922 ab
1023 872 1297 938 eborariis,
1346 881 1402 924 et

336 945 619 995 statuariis.
661 947 864 1000 cmub.

398 1023 466 1070 86
487 1021 676 1086 Librat,
689 1025 798 1088 esa]
829 1026 1107 1079 Antitbeta
1123 1036 1244 1079 suut
1261 1028 1399 1079 haec:

331 1095 350 1124 ‘
375 1098 552 1147 Fortia
575 1102 804 1165 neglecti
821 1105 1067 1156 velabant
1086 1109 1220 1157 colla
1242 1108 1401 1171 capil-

330 1173 406 1224 li:
448 1176 520 1224 Et
557 1192 654 1241 per
689 1181 916 1244 neglecti
947 1185 1242 1235 volitabant
1267 1186 1403 1235 colla

333 1255 550 1317 capilli?
615 1259 630 1286 ‘
659 1257 766 1309 Aut
802 1262 1038 1325 quotiens
1077 1262 1261 1313 umbra
1281 1278 1399 1335 por-

332 1333 444 1380 rexi
470 1332 682 1384 brachia
701 1344 866 1388 mota:
901 1339 1009 1389 Aut
1032 1341 1273 1405 quotiens
1291 1356 1398 1390 um·

331 1405 428 1457 bra
450 1408 634 1460 reduxi
657 1412 863 1464 brachia
881 1416 1058 1466 mota!
1123 1416 1400 1467 Antitheta

331 1490 507 1535 autem
529 1486 630 1537 ista
647 1497 781 1553 suut,
800 1506 915 1556 quae
928 1500 1114 1543 contra
1131 1507 1186 1542 se
1202 1508 1397 1557 ponun-

328 1566 451 1611 tur:
489 1564 698 1626 ut,binc
714 1569 897 1631 pudor,
912 1569 1052 1619 illinc
1072 1570 1360 1634 petulantia
1381 1588 1394 1620 :

326 1639 451 1692 binc
470 1642 743 1707 pudicitia,
767 1646 910 1696 illinc
943 1656 1207 1711 stuprum:
1244 1648 1395 1699 istinc

324 1714 608 1781 fraudatio,
632 1721 774 1772 illinc
796 1722 943 1775 fides.
985 1726 1091 1775 Vet.
1117 1725 1397 1777 Sca—An-

324 1793 537 1859 talieta]
598 1797 662 1847 Id
707 1808 810 1862 est,
852 1802 1054 1865 Figuris
1097 1809 1153 1853 et
1188 1810 1394 1854 contra-

325 1874 800 1942 positia-Doctus]
838 1880 1106 1931 Laudatur
1127 1896 1158 1930 a
1181 1882 1396 1932 circum-

326 1954 504 2000 stante
522 1966 734 2017 corona,
765 1955 903 2020 quod
939 1957 1207 2007 verborum
1238 1956 1396 2007 brea

323 2031 381 2075 et
397 2027 632 2090 picturas
652 2033 877 2082 orationi
891 2049 996 2084 suae
1018 2034 1175 2084 docte
1198 2035 1395 2085 inseru-

325 2103 447 2153 erit.
515 2103 623 2154 Alii
689 2108 794 2171 leg.
850 2110 1039 2160 Doctus
1074 2111 1304 2175 pauisse,
1341 2112 1394 2162 id

324 2189 427 2245 est,
480 2183 751 2234 Laudatur
806 2191 1067 2253 tanquam·
1094 2188 1175 2237 vir
1209 2188 1394 2239 doctus

322 2258 376 2307 in
397 2261 656 2324 ponendo,
675 2263 759 2311 vel
780 2263 846 2312 ad
871 2264 1180 2328 ponendum.
1209 2265 1392 2316 Labi-⁸.

388 2340 452 2386 87
486 2338 676 2388 Bellum
708 2340 817 2403 Ιιοσ]
866 2341 1047 2391 Verba
1078 2341 1392 2407 auditorum,

319 2412 479 2464 Pedii
495 2415 782 2467 orationem
794 2418 1238 2482 impudentissime
1255 2434 1392 2469 com-

320 2488 672 2555 probantium,
698 2499 941 2558 tanquam
965 2493 1230 2546 dicerentt
1252 2497 1388 2550 Boc

319 2566 516 2617 Pedius
549 2568 684 2618 belle
706 2569 854 2631 dicit,
890 2570 989 2622 hoc
1012 2578 1096 2622 est
1133 2575 1389 2637 pulcrum,

316 2643 417 2693 boc
462 2643 909 2697 decorum—Hoc
948 2648 1143 2713 bellum]
1208 2651 1389 2702 Verba

320 2716 492 2769 Persii
515 2735 633 2771 cnm
664 2722 1021 2788 indignatione
1046 2732 1103 2776 et
1123 2728 1386 2777 stomacho

318 2797 559 2846 vultuose
583 2800 946 2861 pronunciata.
1010 2802 1175 2854 Quasi
1207 2803 1383 2854 dicat:

322 2872 487 2924 Estne
504 2873 605 2925 hoc
626 2875 855 2925 bellum?
879 2877 983 2927 imo
1004 2884 1086 2928 est
1107 2879 1258 2943 louge
1284 2887 1388 2930 tur·

318 2948 605 3013 pissimum.
660 2952 982 3004 Lahiru—An
1025 2954 1247 3020 anze]
1300 2956 1386 3005 An

316 3025 489 3077 adbuc
506 3029 587 3077 vir
609 3030 704 3078 es?
737 3030 948 3080 minime
970 3044 1115 3094 vero,
1150 3034 1242 3083 sed
1264 3034 1387 3083 mol-

314 3103 381 3152 lis
402 3110 461 3153 et
481 3102 842 3156 effoeminatus.
911 3107 1139 3158 anulua
1156 3116 1240 3158 est
1276 3112 1387 3176 qui-

314 3179 393 3230 vis
416 3180 797 3232 Romanorum:
831 3183 1007 3233 mollia
1049 3181 1195 3235 facta
1218 3185 1386 3236 dicta·

314 3270 434 3322 que,
477 3271 572 3307 nec
595 3259 829 3308 Romano
863 3274 962 3311 nec
1002 3261 1216 3311 masculi
1239 3263 1385 3327 spiri-

310 3338 398 3382 tus
421 3332 531 3382 viro
554 3334 884 3386 conveniunt.
904 3336 1168 3386 casaubon.
1221 3338 1384 3390 Quasi

311 3408 489 3460 dicat:
526 3408 742 3459 Adeone
764 3426 856 3461 vos
882 3412 1105 3462 Romani
1126 3413 1326 3464 nobiles
1350 3429 1383 3464 a

309 3484 505 3535 virtute
529 3493 585 3536 et
614 3486 890 3550 prudentia
911 3488 1163 3553 majorum
1186 3497 1384 3540 vestro-

312 3577 431 3613 rum
450 3563 827 3629 degenerastis,
844 3573 905 3617 ut
926 3567 1213 3630 impudenti
1237 3570 1382 3619 rabu-

310 3641 377 3691 lae
400 3647 455 3690 et
476 3643 765 3704 impostori,
789 3658 976 3694 canum
1007 3658 1149 3693 more
1171 3643 1381 3693 adblan-

309 3716 525 3767 diamini
544 3719 801 3783 ?——Ceves]
867 3722 964 3771 Est
1005 3726 1178 3770 autem
1221 3736 1382 3772 cruere

309 3796 579 3859 proprium
633 3811 837 3861 cauum,
885 3798 1069 3847 clunes
1122 3797 1380 3848 adulando

309 3871 635 3935 agitantium.
700 3874 831 3923 Inde
855 3874 1012 3923 etiam
1036 3874 1102 3925 ad
1122 3889 1203 3925 res
1226 3888 1379 3924 vene-

307 3961 424 3997 reas
443 3948 771 4002 transfertur.
812 3951 989 4001 Lnbin.

373 4030 439 4078 88
473 4028 829 4094 Men'nwueat]
863 4033 1026 4085 Quasi
1057 4032 1230 4082 dicat:
1266 4033 1381 4082 Me-

305 4117 374 4154 ne
393 4105 461 4155 ad
477 4106 876 4160 misericordiam
902 4123 1019 4157 rens
1035 4116 1378 4172 commoveat,

301 4180 347 4231 si
370 4181 656 4245 magnificis
695 4193 751 4233 et
788 4184 1238 4249 sesquipedalibus
1261 4200 1378 4233 ver-

246 4295 263 4309 .
308 4260 410 4323 bis,
439 4259 719 4311 ambitiosa·
734 4262 971 4312 oratione
994 4267 1189 4325 utatur,
1223 4275 1379 4326 quem

307 4342 582 4403 oporteret
634 4337 922 4390 miserabili
974 4352 1103 4389 voce
1140 4337 1377 4404 judicum

2418 412 2553 484 213

1485 567 1985 635 commiserationem
2024 570 2338 636 implorare?
2405 571 2554 622 Nun-

1482 658 1636 708 quam
1657 645 1911 709 profecto.
1979 648 2117 698 Hinc
2143 648 2327 698 Horat.
2351 647 2551 714 inquit:

1480 721 1495 746 ‘
1521 721 1575 768 Si
1614 722 1690 770 vis
1712 737 1795 772 me
1828 722 1973 788 flere,
2010 724 2283 774 dolendum
2320 726 2550 776 Primum

1479 798 1581 863 ipsi
1600 800 1870 850 ahie—Et
1884 802 2066 865 cantet]
2103 803 2549 856 Quemadmodum

1478 875 1757 942 naufragus
1793 878 1837 927 si
1872 880 2057 942 stipent
2084 895 2115 929 a
2135 894 2218 928 me
2238 880 2554 945 emendicet,

1479 959 1536 1002 et
1560 954 1703 1003 vultu
1724 954 1874 1005 hilari
1901 963 2058 1020 atque
2081 956 2203 1008 laeto
2227 962 2427 1017 cantet,
2452 972 2551 1007 nec

1477 1030 1742 1079 numulum
1766 1031 1976 1095 quidem
1998 1033 2082 1081 vel
2111 1047 2275 1082 assem
2312 1048 2340 1081 a
2363 1047 2445 1082 me
2468 1047 2551 1082 ac-

1477 1104 1674 1168 cipiet:
1712 1106 1786 1156 ita
1822 1121 1921 1157 nec
1960 1121 2095 1168 reus,
2131 1107 2417 1172 magnificis
2439 1122 2551 1160 ver·

1477 1181 1649 1236 bissi
1692 1190 1888 1248 utatur,
1924 1200 2008 1235 me
2041 1184 2106 1234 ad
2143 1184 2547 1234 misericordiam

1475 1261 1840 1312 commovebit.
1907 1261 2158 1313 Soleb'ant
2206 1269 2379 1312 autem
2422 1276 2546 1311 nau·

1474 1333 1609 1398 fragi
1628 1334 1950 1400 naufragium
1971 1352 2116 1387 suum
2134 1337 2349 1401 depingi
2362 1350 2545 1387 curare

1473 1411 1526 1461 in
1552 1412 1744 1463 tabella
1782 1413 2022 1479 quadam,
2059 1424 2115 1465 et
2152 1414 2290 1463 illam
2329 1413 2546 1463 humero

1473 1495 1709 1553 portare,
1748 1498 1803 1541 et
1826 1479 2003 1540 obvios
2023 1488 2304 1539 miserabili
2328 1489 2413 1537 illa
2436 1489 2545 1553 pic·

1473 1570 1593 1614 tura
1631 1572 1687 1616 et
1726 1565 2050 1618 lamentabili
2087 1580 2214 1616 voce
2255 1566 2320 1615 ad
2353 1565 2541 1629 stipem

1472 1642 1571 1692 sibi
1597 1644 1907 1707 erogandam
1943 1650 2000 1694 et
2038 1644 2542 1694 commiserationem

1471 1720 1741 1783 impellere
1778 1727 1834 1770 et
1874 1734 2221 1771 commovere.
2290 1719 2442 1769 Hanc
2467 1727 2543 1769 ta-

1470 1798 1643 1848 bulam
1668 1799 1862 1863 pictam
1887 1804 2072 1862 postea
2093 1797 2167 1846 illi
2192 1798 2311 1847 Deo
2330 1812 2542 1861 suspen·

1471 1874 1684 1939 debant,
1698 1875 1846 1940 cujus
1864 1889 1962 1941 ope
1986 1888 2042 1923 se
2063 1872 2334 1937 naufragio
2355 1873 2545 1923 libera·

1472 1958 1551 2002 tos
1572 1952 1877 2002 credebaut.
1912 1951 2086 2002 Labin.

1533 2033 1600 2078 89
1636 2030 1837 2093 Cuneus,
1858 2029 1967 2092 Sym]
2001 2029 2065 2078 In
2088 2027 2271 2078 eadem
2303 2026 2539 2078 similitu·

1471 2105 1593 2154 dine
1641 2112 1959 2169 perseverat.
2044 2105 2205 2158 Quasi
2249 2105 2424 2155 dicat:
2482 2106 2539 2155 Si

1470 2196 1614 2231 reum
1636 2181 1816 2231 videro
1845 2182 1938 2232 tali
1962 2182 2236 2233 verborum
2276 2182 2537 2233 lenocinio

1467 2272 1524 2307 sc
1571 2262 1827 2321 tuentem,
1880 2258 2095 2322 perinde
2139 2259 2206 2308 ad
2248 2259 2535 2332 misericor-

1469 2340 1608 2389 diam
1647 2338 1913 2402 movebor‚
1950 2344 2110 2403 atque
2146 2338 2190 2388 si
2234 2336 2535 2404 naufragum

1466 2430 1615 2467 casus
1637 2430 1754 2466 suos
1775 2416 1827 2465 in
1855 2416 2028 2466 tabula
2061 2415 2296 2480 depictos
2317 2415 2535 2466 circum-

1462 2491 1742 2555 ferentem,
1763 2498 1975 2543 cantare
1997 2492 2535 2556 audirem—Pictum]

1464 2572 1604 2621 Nam
1657 2584 1736 2620 ne·
1768 2570 1954 2634 saepius
2009 2570 2061 2619 in
2100 2570 2359 2634 eroganda
2400 2570 2537 2634 stipe

1463 2663 1607 2701 suam
1647 2647 1996 2697 calamitatem
2035 2660 2253 2695 narrare
2293 2660 2538 2710 cogeren-

1463 2732 1568 2789 tur,
1602 2724 1927 2789 naufragium
1951 2739 2096 2773 suum
2136 2724 2190 2774 in
2230 2723 2408 2773 tabula
2441 2723 2536 2772 ali·

1463 2818 1567 2868 qua
1588 2804 1852 2867 depictum
1882 2816 1949 2851 ex
1983 2800 2198 2850 humero
2235 2799 2534 2865 portabant.

1459 2881 1637 2930 Lesbia.
1684 2880 1823 2932 Quia
1840 2879 2001 2943 magis
2018 2876 2251 2928 afficiunt
2269 2891 2385 2941 quae
2408 2891 2533 2925 ocu-

1459 2958 1541 3020 lis,
1579 2972 1734 3022 quam
1754 2971 1871 3021 quae
1896 2956 2107 3005 auribus
2141 2954 2528 3018 percipiuntur:

1458 3033 1578 3083 ideo
1613 3035 1870 3099 picturam
1893 3031 2211 3081 adhibebant
2234 3031 2298 3080 ad
2322 3044 2530 3080 moven-

1460 3110 1579 3159 dam
1612 3108 2036 3170 misericordiam‚
2060 3123 2161 3157 non
2197 3106 2432 3172 naufragi
2455 3122 2535 3157 so·

1458 3189 1587 3250 lum,
1607 3185 1746 3251 quod
1770 3185 1920 3234 multi
1941 3190 2236 3245 testantur-3
2260 3184 2351 3233 sed
2371 3182 2530 3233 etiam

1458 3264 1668 3328 patroni
1687 3261 1893 3328 quidam
1915 3263 1969 3311 in
1992 3260 2127 3314 foro.
2165 3261 2365 3313 Casaub.

1522 3345 1589 3390 90
1631 3340 1822 3398 Verani,
1842 3339 1950 3402 Sym]
1985 3338 2048 3388 Id
2072 3346 2171 3402 est,
2194 3338 2298 3391 Qui
2321 3352 2403 3388 me
2439 3352 2531 3390 sua

1460 3417 1670 3481 querela
1687 3416 1753 3465 ad
1768 3414 2173 3465 misericordiam
2189 3428 2535 3477 commovere,

1436 3500 1515 3544 ‘et
1538 3495 1604 3543 ad
1627 3493 2004 3543 sublevandum
2041 3493 2263 3556 lapsum,
2297 3496 2351 3540 et
2386 3489 2530 3540 humi

1458 3570 1720 3635 dejectum
1754 3570 2024 3619 incurvare
2047 3575 2104 3619 et
2135 3566 2349 3617 flectere
2370 3565 2527 3615 velit:

1457 3647 1548 3696 ille
1569 3646 1690 3695 mibi
1713 3660 1820 3695 non
1841 3643 2174 3696 lamentabile
2198 3642 2388 3707 aliquid
2412 3656 2530 3692 noc-

1457 3730 1513 3773 te
1548 3729 1907 3787 comparatum
1936 3727 1992 3771 et
2029 3721 2380 3782 excogitatum
2416 3718 2527 3782 plo·

1456 3800 1614 3862 rabit,
1635 3814 1733 3849 nec
1765 3799 2055 3860 elaborata,
2085 3802 2141 3846 et
2164 3795 2528 3860 praemeditata

1458 3878 1717 3939 oratione,
1742 3875 1836 3925 sed
1861 3874 2101 3936 naturali,
2124 3872 2316 3936 vivida,
2339 3878 2396 3921 et
2411 3871 2531 3920 sini·

1455 3953 1602 4018 plici,
1634 3968 1751 4002 suas
1776 3952 1898 4002 mibi
1921 3951 2243 4002 calamitates
2264 3948 2532 3999 recitabit.

1456 4030 1610 4079 Idem.

1518 4111 1584 4155 91
1624 4105 1863 4167 Plorabit]
1930 4102 2276 4154 Lamentabili
2297 4117 2425 4153 voce
2448 4116 2529 4152 re·

1456 4180 2032 4244 enahin—[noum]
2115 4179 2200 4231 Ad
2257 4180 2526 4243 dejectum

1452 4259 1827 4309 sublevandum
1841 4264 1896 4307 et
1913 4258 2214 4321 erigendum
2230 4255 2496 4307 inflectere
2511 4273 2528 4319 ς

1454 4336 1509 4387 id
1555 4342 1655 4402 est,
1709 4337 1927 4404 Movere
1979 4335 2047 4388 ad
2089 4334 2522 4386 misericordiam.
