3084 4934
1149 439 1395 494 PERsu

357 580 482 645 pula
502 592 802 648 corrumpas
813 583 1138 648 i—-Grondes,
1158 582 1268 649 ξω]
1301 583 1426 638 Qui-

354 660 454 709 bus
491 660 627 710 vires
677 661 910 725 corporis
952 676 1057 712 non
1099 660 1423 724 reficiuntur,

355 737 450 786 sed
469 737 833 801 opprimuntur
862 738 1019 789 variis
1051 738 1282 803 opsoniis
1315 739 1424 802 ple-

356 814 743 878 nae.—-Patinoe]
790 814 1114 880 Metonymia
1146 815 1426 866 Continen-

357 890 426 939 tis
446 904 542 954 pro
576 891 861 955 contento,
883 890 938 942 id
971 897 1072 955 est,
1099 891 1227 956 ipsse
1263 890 1426 956 dapes

358 969 561 1031 regales
597 974 655 1018 et
692 968 881 1020 nimiae.
922 968 1158 1020 Turneb.
1195 983 1233 1018 1.
1276 972 1426 1019 18.-

360 1043 627 1107 Tucetaque
641 1046 823 1109 ama]
853 1044 1059 1095 Tuceta
1080 1045 1221 1109 apud
1243 1045 1425 1096 Gallos

359 1122 649 1186 Cisalpinos
673 1121 867 1172 bubula
897 1122 1110 1187 dicitur,
1130 1122 1427 1172 condimen·

282 1233 288 1237 -
358 1199 431 1248 tis
465 1198 776 1265 quibusdam
797 1200 983 1250 crassis
1014 1199 1194 1261 oblita,
1227 1214 1289 1250 ac
1322 1214 1426 1249 ma-

359 1285 570 1328 cerata:
609 1285 666 1330 et
687 1278 807 1329 ideo
826 1285 942 1331 toto
964 1295 1099 1331 anno
1119 1280 1292 1330 durat.
1336 1280 1426 1329 So·

354 1355 437 1405 let
458 1355 616 1405 etiam
639 1358 852 1420 porcina
873 1357 1056 1407 eodem
1070 1356 1194 1422 jure
1213 1354 1429 1406 condita

358 1433 572 1497 servari,
605 1441 696 1484 aut
726 1442 1066 1485 assatur-arum
1091 1434 1231 1500 jura.
1284 1434 1428 1485 Hinc

358 1511 563 1562 Plotius
590 1512 797 1577 Virgilii
837 1512 1030 1563 amicus
1052 1513 1104 1562 in
1127 1511 1311 1562 eadem
1350 1526 1428 1561 re-

357 1588 514 1653 gione
538 1590 829 1640 nominatus
851 1596 934 1640 est
953 1590 1143 1640 Tucca.
1188 1589 1294 1640 Vct.
1316 1587 1429 1639 Sele.

356 1665 716 1731 *stt-etwas]
761 1667 910 1716 Escae
933 1665 1109 1729 regite,
1131 1672 1192 1715 ut
1215 1666 1291 1715 ait
1312 1665 1430 1715 Ful-

358 1743 589 1807 gentius,
614 1758 773 1807 genus
803 1740 1112 1805 farciminis,
1134 1756 1165 1791 e
1186 1741 1430 1791 carnibus

359 1820 525 1870 suillis
538 1820 774 1869 minutim
789 1817 1290 1882 concisis—crassa]
1308 1819 1430 1869 Pin-

360 1899 500 1962 guia,
521 1897 749 1962 copiosa.
815 1896 992 1947 Lubias.

427 1979 494 2025 43
532 1976 764 2038 Annaei-e,
782 1973 887 2038 ζα]
928 1973 1067 2027 Quia
1086 1979 1147 2024 tu
1169 1971 1431 2022 contraria

358 2058 538 2116 optas,
580 2058 637 2103 et
675 2052 939 2102 contraria
991 2048 1141 2112 facis,
1188 2051 1431 2101 lubentes

359 2133 510 2183 Deos
531 2136 588 2180 et
608 2136 733 2180 vota
766 2136 860 2181 tua
897 2128 1250 2193 exaudituros,
1269 2128 1430 2192 impe-

361 2208 539 2270 diunt,
573 2221 673 2271 quo
704 2206 873 2257 minus
906 2206 1027 2266 illis,
1057 2219 1174 2271 quae
1208 2205 1432 2271 petiisti,

358 2296 660 2335 successum
679 2283 982 2348 largiantur.
1047 2283 1198 2333 Idm.

429 2365 496 2411 44
512 2360 771 2426 Burgus]
788 2361 991 2411 Transit
998 2358 1432 2425 jamadillos‚qui

361 2439 544 2490 multis
576 2438 756 2489 hostiis
790 2438 939 2487 caesis
971 2437 1178 2487 divitias
1215 2442 1432 2500 exopta·

361 2520 511 2580 bant,
532 2531 661 2583 quos
683 2514 919 2581 ejusdem
938 2514 1178 2570 stultitias
1197 2514 1433 2577 damnat,

362 2597 458 2662 qui
488 2595 808 2647 mactatione
846 2599 902 2644 et
936 2590 1238 2658 profusione
1276 2606 1432 2657 pecu-

362 2673 512 2735 dum,
529 2672 811 2736 sperabant
843 2669 1071 2734 pecudes
1095 2683 1214 2719 suas
1239 2668 1433 2731 augeri.

361 2749 580 2813 -Rend
642 2748 984 2807 Familiarem‚
1021 2747 1129 2810 pro'
1150 2741 1334 2811 opibus
1377 2752 1435 2795 et

368 2826 572 2877 divitiis
606 2825 802 2891 posuit,
840 2831 901 2873 ut
938 2822 1116 2874 Graeci
1152 2822 1435 2885 πρᾶγμα.-

363 2905 589 2970 Struere]
625 2904 849 2967 Augere,
886 2913 1218 2961 coacervare,
1252 2898 1435 2961 ampli-

358 2981 751 3032 ficare.-Coeso
777 2977 912 3041 bove]
947 2975 1211 3027 Notabilis
1234 2981 1435 3025 contra-

368 3062 549 3111 rietas.
615 3059 844 3109 Divitias
865 3051 1137 3120 exoptant,
1169 3053 1435 3104 sacrificiis

366 3136 686 3203 patrimonia
724 3136 828 3185 dila
837 3135 1034 3200 pidaut.
1044 3160 1112 3172 --
1123 3131 1431 3181 Mercurium-

366 3217 482 3282 que]
513 3215 668 3266 Illum
691 3216 886 3276 Deum,
903 3210 991 3277 qui
1002 3209 1165 3260 'rebus
1189 3207 1435 3273 augendis

365 3300 427 3345 et
466 3293 615 3342 lucro
645 3300 875 3355 praeesse
911 3287 1161 3347 creditur,
1199 3284 1343 3335 fibris
1381 3291 1439 3335 et

370 3365 634 3420 intestinis
690 3365 1036 3427 victimarum,
1086 3361 1282 3413 arcessis
1299 3376 1320 3419 ,-
1383 3359 1438 3411 in

370 3446 623 3500 auxilium
660 3457 817 3495 vocas
838 3452 895 3492 et
928 3440 1193 3505 imploras.
1262 3437 1439 3488 Lubin.

371 3526 452 3576 Ut
471 3524 660 3575 multus
683 3522 781 3575 tibi
807 3525 1035 3585 quaestus
1071 3518 1335 3577 obveniat,
1357 3518 1440 3567 vel

370 3618 439 3652 ex
474 3597 839 3659 mercimoniis,
877 3602 968 3647 aut
1000 3595 1176 3647 nescio
1209 3592 1349 3644 unde
1373 3608 1441 3644 ex

370 3677 658 3743 inopinato.
726 3674 929 3724 emula.

440 3759 504 3805 45
555 3751 790 3814 Aramis,
822 3748 931 3816 ξω]
981 3749 1148 3813 Fibra,
1180 3762 1275 3812 pro
1306 3746 1443 3798 extis

373 3838 432 3883 et
451 3828 895 3890 intestinis.-Da,
916 3826 1019 3891 ξα]
1068 3826 1445 3890 Prosopopoeia

373 3907 580 3970 rustici,
610 3903 919 3955 felicitatem
954 3918 984 3952 a
1025 3903 1291 3953 Mercurio
1328 3916 1442 3966 pre·

373 3984 562 4037 cantis.
629 3975 740 4033 111⁶
766 3987 834 4042 st,
871 3979 1112 4031 Concede
1136 3986 1197 4029 ut
1216 3979 1444 4030 Penates

373 4063 461 4112 vel
504 4059 593 4110 Dii
639 4057 915 4109 domestici
954 4071 1057 4120 res,
1094 4053 1348 4119 fortunas,
1391 4063 1446 4108 et

377 4138 660 4189 facultates
702 4148 842 4184 meas
877 4132 1185 4196 secundent,
1217 4140 1272 4183 et
1304 4148 1445 4197 pros-

383 4220 593 4279 pereut.
658 4210 723 4261 ld
755 4217 852 4274 est,
870 4212 977 4275 Da,
1013 4217 1073 4263 ut
1104 4211 1329 4261 Penates
1364 4225 1447 4267 me

379 4291 703 4342 fortunatum
725 4287 941 4339 faciant.
1006 4288 1179 4343 Lubia.

439 4372 516 4421 46
547 4368 650 4435 Da,
683 4364 790 4433 qa]
825 4365 890 4417 Id
912 4370 1013 4431 est,
1037 4366 1129 4417 Da
1165 4380 1327 4431 pecus
1359 4379 1452 4417 nu-

1487 438 1652 489 sm.
1701 429 1814 491 11)
2436 425 2568 497 227

1495 597 1773 645 merosum,
1791 583 2079 649 copiosum,
2096 589 2153 636 et
2184 582 2570 639 sumundum.—

1499 661 1623 722 οπο,
1636 661 1744 726 esa]
1764 660 2051 711 Vehemens
2068 661 2237 712 Persii
2249 663 2302 713 in
2320 664 2569 715 rusticum

1496 736 1822 801 objurgatio,
1840 752 1907 787 ex
1929 739 2355 803 repugnantibus.
2406 742 2572 794 Quasi

1498 814 1671 864 dicat:
1724 814 1885 864 Visne
1902 813 1993 864 illa
2026 813 2334 878 amplificari
2366 831 2484 882 quae
2510 825 2570 867 tu

1497 891 1613 956 ipse
1644 891 1869 941 minuis?
1911 890 1978 941 Id
2010 898 2112 956 est,
2132 892 2238 944 Qui
2260 891 2376 942 fieri
2399 900 2575 957 potest

1499 975 1560 1020 ut
1582 982 1713 1033 grex
1735 974 2006 1034 augeatur,
2023 982 2142 1017 cum
2162 974 2220 1017 tu
2236 963 2403 1019 indies
2427 970 2571 1020 illum

1499 1044 1810 1095 imminuere
1833 1050 1889 1095 et
1909 1050 2137 1095 atterere
2162 1044 2266 1094 tuis
2287 1044 2576 1097 immodicis

1499 1123 1771 1176 sacrificiis
1820 1125 2033 1176 studeas
2059 1126 2079 1175 ?
2101 1152 2165 1165 —-
2185 1125 2420 1190 Pessime]
2484 1126 2578 1180 Sic.

1501 1200 1679 1252 Graeci
1699 1199 1921 1265 σχέτλιε.
1989 1201 2142 1253 Idem.

1566 1282 1631 1329 47
1661 1280 1777 1341 Tot,
1796 1279 1904 1345 ξω]
1918 1279 1991 1348 'In
2013 1278 2233 1330 flammis
2257 1280 2397 1331 inter
2417 1282 2576 1332 sacri·

1500 1353 2110 1421 licendum—dmm]
2150 1356 2370 1409 Junices
2406 1358 2574 1408 bobus

1501 1430 1745 1496 minores,
1781 1438 1837 1483 et
1858 1432 2034 1482 vitulis
2064 1432 2306 1498 majores,
2330 1435 2573 1497 juvencae

1504 1509 2022 1575 tenerae.-Omenta]
2055 1510 2389 1574 synecdoche
2415 1512 2578 1575 partis

1501 1584 1864 1637 intestinorum
1907 1601 2005 1652 pro
2050 1587 2173 1651 ipsis
2214 1588 2476 1638 intestinis
2521 1597 2580 1640 et

1502 1663 1660 1728 extis,
1682 1679 1798 1729 quoe
1830 1665 1879 1714 in
1918 1664 2180 1715 sacrificiis
2204 1679 2311 1714 aroe
2332 1665 2577 1731 imposita

1502 1740 1885 1792 cremabantur.
1951 1742 2204 1792 Veterum
2234 1742 2286 1791 in
2308 1742 2579 1793 sacrificiis

1502 1816 1826 1866 cousuetudo
1840 1824 1975 1881 erat,
1985 1824 2183 1884 utquas
2195 1818 2379 1867 hostiae
2395 1827 2588 1883 partes¹

1502 1892 1794 1956 adolerent,
1816 1908 1905 1944 eas
1925 1904 2135 1945 omento
2154 1900 2211 1945 et
2232 1893 2386 1959 adipe
2407 1896 2578 1960 operi·

1502 1974 1644 2032 rent,
1662 1975 1721 2020 ut
1743 1967 1948 2020 facilius
1966 1969 2233 2033 arderent,
2256 1970 2575 2035 pinguedine

1501 2045 1678 2109 ignem
1734 2046 2323 2113 alentem-Housman]
2383 2049 2580 2100 Consu-

1504 2131 1713 2175 mantur
1748 2124 1882 2190 iguis
1907 2127 2120 2189 calore.
2198 2124 2434 2177 Turneb.
2475 2142 2579 2180 vu.

1503 2207 1592 2255 23.

1568 2283 1635 2330 48
1666 2281 1739 2331 At
1758 2285 1935 2344 tamen,
1954 2279 2061 2345 arm]
2104 2280 2355 2333 Quamvis
2379 2281 2575 2334 insanis

1502 2358 1586 2409 bis
1618 2359 1881 2410 sacrificiis
1917 2361 2096 2411 videat
2112 2373 2387 2411 numerum
2422 2362 2581 2425 pecu-

1507 2438 1632 2506 dum
1666 2439 1900 2505 quotidie
1943 2433 2267 2504 decrescere,
2307 2445 2482 2490 tamen
2524 2440 2580 2494 in

1504 2514 1703 2565 insania
1743 2530 1837 2565 sua
1866 2522 2189 2580 perseverat,
2224 2524 2280 2565 et
2312 2523 2493 2579 sperat
2524 2530 2581 2565 se

1504 2592 1619 2644 voti
1653 2591 1862 2643 tandem
1895 2600 2192 2657 compotem
2228 2590 2488 2655 futurum3
2523 2600 2582 2644 et

1505 2669 1705 2720 tamdiu
1721 2675 1918 2734 sperat,
1935 2675 1990 2719 et
2009 2671 2201 2721 hostias
2218 2670 2394 2733 caedit,
2410 2671 2579 2722 donec

1506 2747 1721 2798 tandem
1745 2753 1914 2798 totum
1953 2762 2166 2813 gregem
2200 2762 2347 2798 suum
2372 2748 2581 2812 penitus

1507 2815 2063 2889 exhauserit—Extis]
2113 2825 2298 2884 Boum,
2325 2824 2584 2887 junicum,

1507 2901 1680 2950 ovium
1730 2907 1791 2951 et
1845 2901 2171 2951 victimarum
2228 2900 2584 2951 intestinis.—

1511 2978 1682 3044 Ferto]
1713 2980 1802 3030 Sic
1824 2978 2120 3042 legendum,
2142 2993 2245 3029 non
2256 2977 2415 3039 farto.
2472 2978 2587 3028 ΗΒ·-

1499 3057 1590 3122 jus
1621 3057 1857 3107 meminit
1882 3055 2013 3105 Cato
2053 3056 2117 3104 de
2153 3069 2209 3103 re
2248 3061 2377 3107 rust.
2398 3069 2445 3105 c.
2469 3058 2588 3106 134.

1509 3133 1616 3183 Sed
1640 3132 1855 3185 Persius
1878 3129 2041 3181 ἁπλῶς
2066 3146 2158 3195 pro
2183 3146 2238 3180 re
2260 3131 2379 3183 Diis
2405 3132 2583 3183 oblata

1508 3212 1625 3263 heic
1662 3211 1878 3276 accipit,
1913 3225 2015 3262 non
2050 3226 2146 3276 pro
2183 3210 2307 3262 libo.
2376 3211 2582 3262 Casoub.

1511 3290 1636 3355 Sed,
1661 3296 1724 3341 nt
1754 3289 1889 3342 Cato
1912 3289 2100 3354 inquit,
2135 3296 2362 3352 veteres,
2385 3295 2585 3340 struem

1511 3366 1687 3431 farris,
1723 3365 1907 3428 tritici,
1928 3362 2088 3429 fabae,
2118 3365 2327 3416 seminis
2359 3366 2589 3430 rapat-ei,

1515 3445 1663 3496 thure
1703 3451 1755 3493 et
1802 3444 1925 3493 vino
1970 3443 2158 3493 additis
2200 3448 2341 3502 unte>
2366 3458 2588 3493 messem

1513 3519 1771 3588 parabant
1808 3521 1860 3570 in
1902 3532 2077 3584 porcae
2114 3518 2459 3583 praecidaneae
2498 3519 2591 3568 im-

1513 3599 1867 3660 molationem,
1901 3603 1957 3646 et
1991 3596 2146 3652 Jano,
2170 3591 2290 3646 Jovi
2314 3603 2369 3644 et
2391 3593 2589 3647 Junoni

1514 3674 1902 3737 sacrificabant,
1923 3689 2039 3738 quae
2076 3672 2393 3723 diversarum
2418 3687 2590 3724 rerum

1516 3753 1790 3817 congeries
1801 3750 1995 3812 furtum
2015 3750 2305 3801 dicebatur.
2353 3752 2591 3800 Cornutus

1517 3828 1652 3879 dicit
1689 3843 1801 3879 esse
1834 3842 1996 3892 genus
2030 3827 2177 3891 panis
2197 3828 2281 3876 vel
2317 3826 2429 3887 libi,
2452 3827 2592 3892 quod

1517 3906 1630 3955 Diis
1666 3901 1892 3954 infertur
1924 3919 1956 3953 a
1989 3901 2334 3954 Pontificibus
2357 3903 2409 3953 in
2434 3902 2593 3953 sacri-

1517 3982 1667 4034 ficio:
1721 3981 1917 4032 dictum
1957 3996 1990 4031 a
2032 3979 2592 4047 ferenda-Vincere]

1520 4059 1693 4109 Deum
1716 4071 1981 4121 superare,
2014 4062 2070 4107 et
2096 4055 2192 4105 sibi
2217 4057 2593 4121 obsequentem

1519 4134 1759 4198 reddere,
1779 4134 1866 4184 vel
1888 4133 1954 4183 ad
1978 4132 2131 4182 finem
2167 4132 2472 4197 perducere,
2505 4134 2592 4184 vel

1517 4213 1634 4264 illas
1654 4212 1988 4263 difficultates
2006 4225 2211 4277 supera·
2224 4226 2271 4263 e.
2336 4211 2510 4263 Lubias.

1585 4294 1652 4342 49
1681 4292 1814 4355 Jews,
1843 4289 1948 4354 θα]
1978 4288 2118 4340 Satis
2151 4289 2328 4352 lepide
2355 4291 2594 4339 naturam

1519 4368 1741 4422 bominis
1761 4367 1940 4435 cupidi
1962 4367 2229 4435 exprimit,
2254 4373 2313 4418 et
2342 4367 2491 4419 simul
2513 4366 2592 4418 in-
