3084 4934
1258 404 1427 459 sav!
1437 405 1550 459 ΕΑ,
1583 406 1635 455 1.

441 556 462 587 ‘
487 533 629 619 Sed
657 551 825 638 quid
847 570 1022 637 opus
1054 557 1312 623 &noras
1339 552 1637 623 mordaci
1663 551 1889 621 radere
1917 572 2080 621 vero

349 653 764 727 Auriculas‘i
810 656 969 722 vide
1001 658 1125 735 εἰς,
1147 676 1232 723 ne
1260 657 1590 743 majorum
1619 657 1741 725 tibi
1768 655 1935 723 sorte

349 757 610 823 Limina
635 757 1034 841 frigescant:
1081 765 1277 827 sonat
1303 759 1413 827 hic
1443 759 1526 825 de
1551 779 1714 825 nare
1742 758 1985 829 catuna

599 859 618 886 2

347 860 621 926 Litera..
703 860 837 926 Per
865 881 968 925 me
997 861 1304 946 equidem
1333 863 1462 926 sint
1490 860 1714 927 omnia
1739 860 2038 945 protinus
2064 860 2219 926 alba
2242 880 2261 942 3

2432 861 2563 925 110

346 1065 688 1139 nequir-edom
709 1090 889 1140 ungues
905 1091 1106 1127 mesos.
1170 1076 1243 1128 At
1274 1091 1494 1141 quorsus·
1518 1076 1666 1138 juvat
1695 1077 2026 1141 perstringere
2039 1089 2190 1125 aures.
2200 1073 2427 1124 delicatos
2445 1073 2581 1123 τοίη

348 1144 448 1190 tate
467 1140 693 1191 irritam
710 1140 735 1192 22
787 1143 929 1204 Cave,
958 1142 1002 1191 si
1021 1143 1112 1206 vis,
1140 1158 1199 1192 ne
1216 1142 1429 1202 fortasse
1449 1142 1620 1204 Jonuoe
1635 1142 2038 1208 potentiumfiant
2060 1140 2151 1191 tibi
2160 1139 2399 1202 frigide.-
2448 1153 2566 1188 nam

345 1204 450 1255 ime
478 1206 621 1257 litera
642 1208 698 1257 de
720 1222 832 1256 uaso
853 1222 1020 1258 canum
1041 1208 1191 1258 nimis
1214 1213 1394 1273 crepat.
1459 1209 1564 1258 Per
1580 1220 1654 1258 me
1686 1206 1898 1272 profecto
1921 1207 2063 1271 licet,
2094 1208 2261 1256 nancta
2281 1208 2416 1254 sunto
2438 1204 2568 1254 dein·

1277 1382 1638 1403 OOOOOOOOOOOO

347 1513 496 1565 Attin
523 1514 624 1565 Neo
638 1515 849 1580 pluteum
869 1517 1030 1579 coedit,
1049 1532 1133 1568 nec
1152 1518 1385 1569 demorsos
1403 1517 1528 1584 sopit
1550 1533 1746 1583 ungues.
1786 1515 2245 1581 Remigium—10⁷
2276 1516 2439 1566 rodere
2459 1528 2568 1565 vero

1319 1711 1322 1714 ⁴
1352 1722 1572 1777 NOTAE

348 1849 643 1912 armarium,
678 1851 733 1902 in
779 1868 880 1919 qno
919 1852 1036 1903 libri
1077 1862 1417 1920 reponuntur.

348 1925 830 1993 Praeterea'plutei
879 1929 1130 1980 militares
1166 1939 1420 1983 vocantur

349 2009 522 2053 crates
543 2004 780 2069 qnaedam
816 2005 959 2056 corio
981 2013 1198 2070 opertae,
1235 2007 1420 2073 quibus

350 2085 471 2129 ante
511 2095 567 2129 se
605 2080 790 2132 locatis
827 2082 1051 2133 hostium
1090 2083 1199 2132 tela
1239 2088 1420 2132 arcent

348 2155 542 2207 milites
564 2156 685 2206 dum
706 2155 907 2208 faciunt
929 2173 1075 2223 opus.
1141 2158 1283 2223 Lips.
1316 2159 1418 2208 Po-

348 2232 552 2284 liorcet.
573 2233 667 2283 lib.
687 2248 725 2284 1.
748 2235 938 2299 dialog.
961 2240 1010 2286 7.

416 2310 520 2359 Nec
550 2312 764 2374 pluteum
799 2310 964 2375 caedit]
1028 2312 1157 2363 Tale
1196 2311 1419 2361 Carmen

334 2398 455 2459 'non
477 2385 707 2439 ostendit
744 2401 1043 2453 percussum
1083 2402 1115 2437 a
1154 2386 1420 2452 Scriptore

349 2461 603 2526 pluteum,
640 2469 697 2515 et
740 2465 1001 2528 pulsatum
1040 2480 1149 2531 prae
1187 2466 1422 2530 indigna·

352 2537 514 2603 tione,
569 2540 707 2604 quod
748 2540 946 2591 animus
986 2542 1053 2592 ad
1094 2550 1272 2593 votum
1316 2557 1419 2592 non

353 2622 675 2688 suggereret.
764 2617 908 2668 Quin
929 2617 1018 2668 ille
1050 2633 1230 2682 parum
1251 2618 1420 2668 solici-

353 2696 438 2741 tus
460 2689 566 2742 fuit
587 2707 741 2757 quam
764 2692 945 2756 bonos,
975 2696 1069 2745 sed
1105 2710 1259 2761 quam
1292 2696 1420 2745 mul-

353 2775 436 2820 tos
473 2774 532 2819 et
570 2767 754 2820 faciles
793 2769 1039 2823 funderet
1062 2787 1260 2835 versus,
1281 2773 1420 2822 unde

352 2861 449 2897 nec
488 2847 675 2897 mirum
712 2848 756 2897 si
794 2862 1094 2911 exsuccum,
1125 2863 1334 2913 enerve,
1366 2854 1423 2898 et

354 2921 556 2974 elumbe
579 2936 788 2974 carmen
811 2930 908 2989 est,
929 2925 1067 2989 quod
1104 2925 1216 2974 sine
1251 2925 1421 2976 delec-

352 3009 428 3066 tu,
453 3004 562 3054 sine
584 3003 783 3068 labore,
815 3004 928 3053 sine
964 3003 1230 3054 anxietate
1264 3003 1423 3053 animi

351 3078 451 3131 fuit
473 3081 836 3145 compositum.
902 3080 1123 3133 Quintil.
1144 3094 1200 3131 x.
1225 3085 1274 3131 3.
1296 3082 1425 3131 citat

353 3157 487 3211 hunc
512 3157 682 3207 Persii
705 3158 890 3207 locum.
1293 3180 1311 3188 ν

418 3233 526 3283 Nec
544 3235 779 3283 demorsos
798 3233 928 3298 sapit
947 3232 1149 3297 ungues]
1192 3235 1311 3283 Prae
1337 3249 1424 3283 an-

353 3307 551 3359 xietate
567 3309 724 3359 animi
740 3309 792 3358 in
817 3307 1075 3373 profunda
1091 3308 1424 3360 meditatione

356 3385 529 3450 defixi,
553 3388 834 3452 diligenter
856 3394 910 3436 et
934 3393 1174 3439 accurate
1192 3386 1424 3437 scribere

352 3465 612 3527 yolentis;
663 3479 764 3514 non
789 3465 1057 3529 probantis
1080 3466 1285 3515 omnino
1310 3481 1424 3530 quae

357 3541 586 3607 scripsit,
604 3556 665 3591 ac
685 3541 898 3591 meliora
923 3541 1221 3605 qnaerentis.
1269 3542 1424 3595 Quod

355 3617 475 3668 boni
518 3618 702 3668 Poetae
742 3620 928 3668 solent.
1012 3619 1203 3670 Horat.
1242 3620 1348 3670 Sat.
1382 3633 1422 3669 1.

358 3698 437 3747 10.
471 3698 488 3724 ‘
512 3697 584 3767 Et
617 3696 671 3744 in
709 3710 862 3746 versu
900 3694 1140 3745 faciendo
1163 3696 1316 3761 Saepe
1341 3712 1424 3746 ca-

350 3780 453 3837 put
489 3773 747 3838 scaberet,
788 3773 931 3823 vivos
972 3780 1027 3823 et
1065 3774 1278 3824 roderet
1334 3789 1425 3823 nn-

358 3849 519 3913 goes?

423 3929 518 3974 107
553 3925 651 3973 Sed
693 3924 806 3987 quid
840 3938 969 3988 opus,
998 3924 1108 3989 ξω]
1176 3924 1426 3974 Rationes

356 4017 473 4053 suas
513 4003 680 4051 elnsas
715 4017 747 4051 a
785 4001 969 4052 Persio
1008 4001 1429 4051 animadvertens

357 4079 587 4128 monitor
613 4076 826 4126 adhibet
857 4077 1040 4140 minas,
1077 4083 1137 4126 ut
1156 4070 1199 4126 'a
1221 4077 1431 4127 satirica

360 4146 639 4205 dIcacitate
663 4168 779 4203 eum
802 4154 1088 4205 deterreat.

429 4231 631 4281 Tener-as
649 4230 909 4295 auriculas]
941 4229 1110 4281 Aures
1130 4230 1354 4281 Neronis
1375 4235 1431 4279 et

360 4306 607 4383 nobilium
637 4307 984 4361 Romanorum
1019 4307 1433 4374 reprehensionis

1499 1853 1851 1918 impatientes.

1565 1931 1788 1981 Moram·
1806 1930 1938 1995 vero]
2000 1927 2123 1978 Tuis
2145 1924 2328 1977 Satiris
2354 1924 2569 1976 nimium

1499 2006 1792 2068 veracibus,
1811 2005 1995 2070 quibus
2020 2005 2131 2054 sine
2148 2002 2254 2051 ulla
2270 2001 2570 2067 cujusquam

1499 2084 1791 2133 reverentia
1810 2097 1926 2132 suos
1948 2082 2136 2146 cuique
2177 2080 2335 2129 etiam
2371 2079 2571 2130 nolenti

1499 2174 1702 2210 errores
1722 2158 1947 2210 ostendis
1971 2163 2028 2208 et
2056 2153 2343 2221 exprobras
2365 2153 2571 2218 acriter,

1499 2238 1654 2299 salse,
1678 2236 1923 2301 satyrice.

1564 2311 1776 2376 Radere]
1840 2310 2077 2375 Metaph.
2105 2325 2137 2361 a
2159 2308 2445 2373 Chirurgis,
2481 2306 2569 2373 qni

1499 2390 1717 2439 vulnera
1740 2389 1952 2453 putrida
1968 2387 2138 2438 cultro
2156 2386 2350 2436 radunt
2372 2400 2431 2436 ac
2453 2399 2573 2450 pur·

1500 2474 1646 2532 gant,
1667 2472 1741 2528 et,
1762 2465 1804 2515 si
1827 2480 1977 2530 opus,
2000 2470 2199 2515 secant.

1569 2547 1665 2592 1⁰9
1710 2541 1904 2592 Limina
1925 2540 2222 2605 frigescant]
2287 2539 2438 2590 Time
2480 2554 2572 2605 po·

1502 2620 1755 2669 tentiores
1778 2620 1853 2669 ita
1875 2616 2098 2668 offensos
2136 2618 2351 2682 habere,
2387 2622 2448 2666 nt
2481 2616 2573 2666 fri-

1502 2695 1626 2760 gide
1665 2703 1719 2746 te
1759 2695 2042 2759 excipiant,
2063 2695 2131 2744 ab
2154 2692 2379 2744 amicitia
2400 2694 2573 2744 exclu-

1501 2773 1663 2835 dant;
1718 2770 1800 2822 vel
1843 2774 2001 2822 etiam
2055 2779 2276 2821 mortem
2332 2770 2578 2835 inferant,

1503 2866 1619 2917 quae
1644 2849 1861 2914 frigidos
1883 2848 2029 2899 facit.
2097 2850 2284 2899 Horat.
2309 2850 2418 2901 Sat.
2435 2862 2500 2899 11.
2522 2851 2571 2897 1.

1503 2928 1518 2955 ‘
1547 2927 1596 2977 0
1621 2942 1769 2991 puer,
1805 2933 1865 2976 ut
1885 2927 1951 2975 sis
1986 2926 2173 2977 Vitalis
2196 2933 2390 2986 metuo,
2414 2924 2580 2990 majo..

1501 3018 1613 3053 rum
1640 3018 1704 3053 ne
1729 3004 1841 3068 quis
1858 3000 2052 3054 amicus
2070 3004 2281 3067 Frigore
2307 3009 2359 3052 te
2383 3001 2577 3053 feriat!

1570 3078 1719 3129 Sonat
1741 3078 1842 3142 hic]
1897 3079 1961 3128 In
2000 3079 2103 3128 tuis
2139 3079 2321 3128 Satiris
2362 3077 2573 3128 nimium

1505 3161 1585 3206 est
1610 3155 1910 3223 acerbitatis
1932 3173 1944 3205 ι
1997 3157 2082 3206 vel
2104 3157 2158 3206 in
2175 3156 2327 3206 domo
2350 3156 2575 3206 Neronis

1506 3247 1568 3281 ac
1593 3231 1837 3282 nobilium
1861 3233 1940 3282 ira
1962 3240 2017 3283 et
2054 3234 2184 3283 ultio
2206 3228 2451 3299 frequens
2475 3241 2574 3284 est.

1507 3310 1641 3359 Haec
1662 3311 1907 3360 monitor.

1571 3388 1650 3437 De
1671 3403 1785 3437 nare
1806 3388 1975 3437 canina
2000 3386 2168 3450 litera]
2192 3388 2372 3438 Litera
2389 3389 2578 3440 canina

1505 3472 1590 3515 est
1612 3467 1675 3515 R.
1700 3467 1831 3516 hanc
1853 3466 2005 3528 >enim
2043 3481 2197 3516 canes
2219 3466 2463 3517 videntur
2485 3482 2576 3516 ex·

1506 3543 1750 3607 primere,
1771 3543 1894 3593 dum
1935 3543 2190 3592 restrictis
2225 3543 2375 3591 labiis
2407 3543 2579 3593 irrita·

1505 3627 1588 3673 tos
1612 3637 1667 3671 se
1687 3620 1992 3686 significant,
2009 3627 2164 3685 atque
2187 3620 2423 3669 hirriunt.

1572 3701 1666 3747 110
1715 3698 1816 3746 Per
1855 3713 1929 3746 me
1967 3695 2199 3759 equidem]
2267 3694 2577 3759 Respondet

1504 3773 1714 3824 Persius
1754 3788 1848 3836 per
1882 3772 2268 3822 concessionem
2305 3770 2576 3832 ironicam,

1505 3852 1550 3901 si
1583 3850 1791 3917 quidem
1830 3850 1906 3898 ita
1941 3850 2036 3912 viS,
2085 3849 2369 3912 probentur
2406 3847 2578 3897 omnia

1507 3929 1652 3976 velut
1687 3926 1955 3996 concinna,
1993 3925 2152 3976 etiam
2199 3940 2315 3990 quae
2367 3920 2576 3985 minime

1507 4010 1644 4053 sunt.

1574 4078 1722 4144 Alba]
1787 4079 1933 4129 Sicut
1961 4079 2162 4143 nigrum
2203 4093 2297 4142 pro
2331 4078 2482 4141 malo,
2502 4078 2578 4128 ita

1507 4171 1605 4221 pro
1626 4155 1763 4208 bono
1801 4157 1976 4206 album
2016 4156 2243 4220 ponitur.
2311 4154 2582 4220 Pythago-

1510 4248 1595 4282 ras
1619 4233 1756 4296 apud
1778 4232 2074 4282 Laertium:
2114 4230 2172 4280 τὸ
2191 4230 2281 4294 μὲν
2300 4231 2472 4282 λευκὸν
2489 4232 2578 4292 τῆς

1489 4308 1693 4373 &vaona
1713 4304 1915 4375 φύσεως,
1931 4306 1990 4357 τὸ
2011 4306 2061 4358 δὲ
2080 4304 2234 4371 μέλαν
2250 4308 2412 4359 κακοῦ.
