3084 4934
697 973 2185 1136 NOTAE—VARIORUM‚

1302 1316 1427 1392 ac.

363 2044 627 2110 Prologus]
652 2044 879 2099 Bstvere
892 2046 993 2099 hoc
1014 2039 1220 2100 carmen
1236 2049 1403 2115 dupli·

334 2120 416 2171 cin
436 2123 748 2189 argumenti,
759 2131 820 2175 ut
837 2131 894 2175 et
916 2133 1093 2191 partes
1119 2128 1257 2177 illius
1279 2134 1403 2180 sunt

329 2196 473 2262 duae,
532 2213 773 2252 versuum
828 2203 994 2255 ambae
1048 2210 1398 2271 septenorum.

327 2271 501 2324 Primi
518 2281 718 2340 septem
742 2290 922 2329 versus
960 2279 1181 2331 mixtum
1207 2281 1402 2333 habent

328 2357 723 2413 argumentumz
760 2353 827 2403 de
858 2369 916 2405 se
941 2356 1083 2407 enim
1109 2358 1219 2422 agit
1230 2357 1402 2409 Poeta

326 2423 704 2491 προηγουμένως,
742 2415 914 2482 obiter
937 2447 1062 2484 vero
1092 2434 1159 2484 de
1195 2433 1404 2500 oequali-

325 2498 427 2558 bus
451 2502 547 2552 sibi
563 2503 769 2570 Poetis,
789 2521 918 2571 quos
938 2509 1198 2562 traducit:
1226 2516 1405 2575 poste-⁶

326 2576 494 2630 riores
531 2587 738 2646 septem
757 2598 953 2635 meram
984 2587 1400 2639 continentalio-

324 2667 443 2705 rum
465 2651 751 2708 Poetarum
771 2659 1082 2729 irrisionem.
1118 2649 1401 2729 Singularis

322 2730 602 2789 modestiae
624 2740 727 2799 est,
749 2737 887 2802 quod
905 2745 1064 2803 negat
1077 2755 1134 2789 se
1148 2741 1369 2793 Poe‘tam
1381 2758 1399 2793 ι

327 2808 577 2875 quodque
599 2825 655 2861 se
677 2811 745 2864 ad
769 2818 966 2864 tantam
996 2816 1215 2880 gloriam
1234 2832 1303 2868 ne
1326 2833 1416 2884 as-¹

328 2883 506 2949 pirate
544 2886 754 2952 quidem
794 2888 1026 2941 fatetur:
1081 2897 1139 2943 et
1187 2892 1401 2955 praemia

325 2960 512 3014 Poetis
557 2963 740 3015 debita
781 2965 894 3016 aliis
929 2981 1079 3033 aequo
1115 2967 1286 3018 animo
1319 2982 1399 3020 re-

325 3037 583 3105 linquere.
612 3042 816 3094 Gamo.
1012 3085 1015 3092 .
1240 3091 1249 3100 .
1320 3093 1329 3102 ,
1394 3089 1399 3096 .

393 3121 423 3187 11
460 3118 566 3169 Nec
575 3117 719 3182 fonte
739 3119 892 3183 labra,
912 3120 1021 3185 ὅτι]
1051 3120 1141 3171 Sic
1153 3120 1288 3172 enim
1306 3137 1399 3176 sua

326 3197 600 3257 extenuat,
644 3202 706 3245 ut
737 3196 1218 3262 simul-ineptorum
1239 3199 1401 3249 homi-

326 3270 683 3330 num-fastum
720 3273 968 3324 retundat
991 3281 1047 3325 et
1071 3276 1269 3326 urbane
1291 3292 1399 3327 cas·

324 3346 482 3412 tiget.
519 3349 666 3399 Nota
700 3350 914 3402 Horatii
944 3365 1045 3400 non
1079 3350 1210 3404 falsa
1231 3352 1400 3416 queri-

324 3425 530 3484 monias
584 3428 601 3455 ‘
620 3426 905 3480 Scribimus
928 3428 1127 3478 indocti
1149 3428 1399 3494 doctique

325 3499 573 3565 poemata
590 3502 816 3565 passim.’
852 3503 1038 3553 Tulere
1062 3505 1158 3554 hoc
1185 3505 1397 3570 indigne

324 3575 550 3642 legitimi
569 3578 839 3632 Musarum
855 3586 1034 3644 mystae
1056 3596 1070 3629 z
1090 3581 1180 3646 qui
1197 3581 1395 3632 illarum

266 3684 274 3690 ·
325 3668 477 3709 ueta
497 3654 630 3706 adeo
660 3655 800 3707 foede
840 3657 1001 3720 pollui
1021 3672 1131 3706 non.
1152 3666 1396 3722 poterant

326 3745 431 3802 non
462 3731 655 3784 dolere.
703 3734 858 3785 Quod
877 3733 1034 3797 igitur
1057 3734 1131 3788 ait
1158 3736 1390 3790 Persius:

323 3808 342 3838 ‘
366 3809 486 3861 Nec
522 3808 671 3862 fonte
707 3810 853 3865 labra
879 3811 1045 3875 prolui
1085 3811 1341 3865 caballino
1359 3811 1394 3861 :'

325 3875 432 3935 non
454 3892 614 3950 negat
645 3886 860 3950 praecise
888 3887 1092 3944 modico
1118 3902 1171 3936 se
1207 3888 1396 3938 haustu

325 3960 489 4014 fontis
507 3963 640 4014 sacri
658 3964 926 4013 Musarum
950 3961 1106 4012 finisse
1123 3970 1359 4026 potatum
1377 3980 1394 4028 ς

326 4036 559 4089 vixdum·
585 4037 716 4089 fonti
751 4039 988 4102 Pegaseo
1043 4038 1188 4089 labra
1225 4041 1397 4089 admo-

326 4114 497 4165 visse:
533 4116 626 4166 sed
658 4130 748 4166 eos
785 4115 987 4176 irridet,
1007 4118 1095 4180 qui
1117 4115 1285 4166 videri
1307 4131 1395 4167 vo-

328 4192 510 4245 lebant
553 4201 721 4246 totum
761 4194 907 4245 illum
945 4193 1257 4258 exhausisse.
1310 4195 1397 4245 Et

328 4268 550 4325 fortasse
602 4271 844 4339 privatim
893 4271 1149 4338 quendam
1203 4272 1395 4339 tangit,

1463 1318 1624 1386 &n-
1663 1315 1702 1348 ⁴·

1471 2051 1564 2118 qui
1581 2052 1687 2104 tale
1701 2051 1825 2118 quid
1848 2051 1914 2102 de
1936 2065 1994 2102 se
2015 2048 2361 2114 νεανικῶτφοιγ,
2378 2049 2544 2106 seculi

1473 2129 1604 2196 uitio
1647 2142 1797 2191 usus,
1842 2128 2154 2192 jactaverat.
2234 2124 2394 2186 Aliud
2445 2129 2545 2186 est,

1474 2205 1680 2255 modice
1725 2204 1791 2255 de
1836 2203 1984 2254 fonte
2023 2202 2241 2262 bibere3
2274 2200 2434 2264 aliud,
2473 2200 2542 2249 de

1472 2279 1621 2331 fonte
1642 2280 1899 2346 proluere.
1920 2275 2543 2339 Cambonus.—Nee,85c.]

1475 2357 1542 2406 Id
1566 2362 1664 2421 est,
1695 2358 1809 2422 Ego
1853 2355 2068 2406 Persius
2096 2354 2295 2404 nullum
2333 2366 2545 2417 prorsus

1437 2475 1443 2480 .
1475 2448 1597 2485 cnm
1635 2435 1803 2485 Musis
1841 2433 2208 2485 commercium
2228 2429 2413 2493 habeo,
2443 2442 2545 2480 nec

1477 2526 1609 2561 nnus
1654 2511 1857 2562 illorum
1895 2526 2025 2575 snm,
2045 2508 2132 2576 qui
2152 2507 2348 2574 egregii
2369 2507 2548 2558 Musa-

1474 2602 1589 2638 rum
1611 2596 1734 2640 sunt
1752 2589 1923 2653 amici,
1956 2588 2120 2654 qualis
2139 2585 2240 2637 fuit
2261 2577 2548 2648 Hesiodus,

1475 2671 1532 2718 et
1571 2666 1786 2728 Ennius,
1822 2672 1884 2716 ut
1923 2665 2013 2732 qui
2043 2664 2193 2714 labra
2234 2677 2349 2713 mea
2385 2660 2547 2713 fontis

1475 2741 1716 2805 Pirenes,
1738 2743 1977 2807 Pegasei,
2017 2741 2099 2791 vel
2122 2739 2365 2792 caballini
2389 2754 2544 2804 aqua,

1474 2816 1706 2869 bibendo
1745 2832 2007 2883 nunquam
2042 2814 2302 2866 madefeci
2331 2814 2414 2864 vel
2436 2814 2546 2863 irri-

1473 2893 1851 2957 gavi—Fonte,
1867 2895 1973 2959 ξω]
1987 2893 2112 2943 Peri
2119 2891 2315 2956 phrasis
2330 2896 2414 2940 est
2431 2888 2542 2940 fon-

1474 2969 1563 3032 tis,
1586 2969 1676 3033 qui
1695 2968 1898 3022 Graecis
1921 2965 2197 3033 ἱπποκρήνη,
2227 2965 2372 3032 quasi
2397 2957 2556 3018 dicas

1391 3067 1401 3076 =
1475 3045 1596 3109 equi
1632 3043 1766 3110 fons,
1798 3044 2010 3109 dicitur,
2043 3035 2100 3094 et
2135 3042 2260 3092 alias
2299 3041 2544 3104 Pegaseas

1475 3122 1788 3186 appellatur,
1823 3122 2046 3188 eoquod
2069 3135 2231 3187 equus
2253 3121 2419 3169 alatus
2438 3118 2542 3169 Pe-

1475 3213 1647 3263 gasus,
1686 3214 1805 3249 cum
1860 3199 1915 3248 in
1963 3205 2192 3248 montem
2235 3195 2545 3249 Heliconem

1474 3275 1749 3339 evolasset,
1772 3275 1964 3340 ungula
1975 3289 2154 3324 saxum
2171 3272 2385 3338 feriens,
2421 3283 2554 3336 eum·

1474 3351 1737 3415 aperuisse
1780 3351 2013 3402 creditus
2053 3350 2139 3414 sit.
2204 3348 2342 3412 Vide
2382 3347 2543 3402 Ovid.

1474 3428 1618 3478 Fast.
1643 3441 1730 3479 111.
1754 3428 1973 3495 Metam.
1989 3441 2044 3478 V.
2085 3425 2223 3477 Plin.
2241 3438 2325 3478 xv.
2340 3428 2392 3473 7.
2428 3424 2543 3497 Hy-

1473 3504 1665 3567 ginum.
1737 3504 1867 3554 Erat
1902 3518 2025 3566 ergo
2049 3502 2134 3552 hic
2147 3491 2278 3551 ἴσω
2314 3500 2367 3565 in
2393 3499 2543 3554 Heli-

1474 3596 1605 3631 cone
1626 3581 1847 3636 Boeotiae
1883 3586 2059 3645 monte
2097 3576 2318 3632 Phocidi
2338 3575 2540 3626 vicinus

1460 3658 1620 3723 juxta
1638 3658 1858 3720 Thebas,
1890 3670 1993 3720 non
2017 3654 2246 3719 procula
2262 3652 2541 3716 Parnasso,
2625 3691 2630 3698 .

1471 3735 1705 3800 Apollini
1723 3740 1780 3785 et
1793 3733 1959 3783 Musis
1972 3746 2137 3782 sacer.
2176 3728 2541 3780 laabim—Pro-

1471 3812 1562 3876 lui]
1599 3814 1715 3861 Non
1753 3812 1948 3862 aurium
1986 3816 2135 3871 tenus
2171 3805 2540 3874 ingurgitando

1470 3887 1715 3951 immersi,
1749 3902 1852 3950 non
1892 3886 2044 3951 plane
2088 3885 2234 3946 hausi
2269 3885 2540 3939 Musarum

1470 3963 1663 4026 fontes,
1707 3965 1810 4020 imo
1842 3965 1927 4015 vix
1950 3963 2128 4026 primis
2152 3961 2361 4027 quidem
2377 3961 2540 4013 labris

1469 4039 1670 4092 fontem
1722 4040 2013 4105 Pegaseum
2067 4039 2255 4090 leviter
2301 4036 2540 4101 attigi.—

1468 4119 1629 4170 Bona.
1685 4116 2173 4182 Fara—Caballiuo]
2235 4113 2388 4164 Dicit
2432 4127 2539 4163 non

1469 4196 1656 4261 equdno,
1687 4195 1808 4262 quia
1843 4191 2195 4246 contemnenti
2230 4195 2286 4241 et
2322 4188 2538 4239 subsan-

1471 4274 1620 4326 nanti
1666 4288 1731 4325 ea
1782 4273 1887 4325 ἢτοι
1924 4276 2040 4325 erat
2075 4265 2265 4337 aptior.
2331 4265 2536 4318 cmsb.
