3084 4934
1122 446 1374 497 PERSH
1467 446 1627 497 sA'r.
1673 448 1756 496 11.

349 602 492 646 totas
535 588 689 646 'ducis
731 600 788 643 et
827 607 894 644 ex
932 592 1096 643 solido
1128 606 1254 643 auro
1275 591 1427 644 facis.

350 673 500 723 Nota
523 680 699 721 autem
720 670 858 736 quod
886 671 1199 734 generaliter
1229 670 1427 733 Satyri-

347 765 410 802 co
433 749 537 800 risu
581 750 809 799 Deorum
852 747 1147 810 simulacra,
1183 747 1266 797 vel
1288 746 1424 811 ipsos

347 826 495 876 Deos
517 824 768 888 sculptos,
805 824 891 873 vel
916 824 1147 873 Deorum
1171 823 1424 888 imagines

346 910 508 954 vocet
549 903 724 953 ahenos
754 902 961 963 fratres.
1029 900 1253 951 Stabant
1283 900 1423 950 enim

342 980 395 1029 in
440 978 699 1043 Apollinis
740 979 963 1028 Palatini
990 977 1195 1042 porticu
1218 975 1422 1041 effigies

337 1071 504 1107 oeneae
532 1057 907 1123 quinquaginta
925 1054 1148 1106 filiorum
1186 1054 1421 1120 AEgypti,

340 1134 528 1199 quibus
582 1141 643 1183 ut
699 1141 755 1184 et
810 1132 1061 1197 Apollini,
1104 1131 1418 1195 AEnculapio‚

340 1211 492 1275 Isidi,
533 1217 632 1263 &c.
672 1212 917 1264 attribuit
937 1212 1214 1262 vetustatis
1233 1224 1416 1274 super-

338 1289 485 1340 stitio
508 1289 613 1339 vim
635 1291 688 1339 in
715 1290 904 1339 somnis
937 1288 1203 1339 iudicandi
1224 1288 1414 1339 curati-

338 1363 467 1418 one's
508 1376 565 1419 et
608 1368 838 1419 remedia
873 1367 1188 1419 morborum.
1254 1367 1409 1421 Quod

316 1446 385 1497 ni
404 1445 489 1496 cni
513 1460 815 1510 persuasum
838 1453 995 1507 esset,
1026 1459 1083 1495 se
1121 1445 1187 1495 ab
1224 1444 1300 1494 liis
1323 1445 1407 1494 vel

331 1524 436 1574 iilis
458 1525 675 1574 istorum
696 1522 915 1574 fratrum
938 1521 1130 1572 certius
1153 1537 1216 1572 ac
1232 1522 1407 1572 verius

335 1602 594 1650 somnium
617 1600 905 1665 accepisse,
940 1614 1031 1650 eos
1070 1613 1179 1663 pra»,
1202 1599 1408 1649 caeteris

335 1678 502 1728 coluit
524 1685 581 1728 et
604 1678 880 1728 inauravit.
913 1675 1021 1726 Alii
1048 1676 1113 1727 ad
1136 1677 1406 1726 Castorem

332 1760 395 1804 et:
417 1754 686 1804 Poliucem
718 1751 967 1804 referunt.
1002 1752 1210 1803 Fmaeb.
1212 1753 1406 1802 -ΑΙιι-

331 1830 445 1895 nos]
476 1831 664 1882 AEneas
698 1837 896 1880 statuas
923 1829 1205 1893 intelligit
1193 1843 1243 1877 ιιι
1267 1827 1408 1877 Pan·-

333 1907 461 1957 theo
483 1908 678 1958 Rumina.
743 1907 919 1957 Lama.

399 1989 464 2034 ⁶7
499 1985 715 2048 Somnia,
735 1985 843 2049 qa]
873 1983 976 2032 Illa
1005 1981 1145 2031 enim
1181 1995 1298 2031 cum
1320 1995 1407 2030 ca·-

327 2069 431 2128 put
472 2064 741 2128 oppletum
780 2071 883 2124 est,
925 2063 1071 2111 utin
1107 2058 1406 2125 gravedine,

322 2140 544 2191 fallacia
564 2149 621 2193 et
644 2141 818 2191 inania
855 2139 1111 2190 insomnia
1128 2139 1406 2188 obversan-

328 2228 434 2270 tur.
501 2219 769 2285 Ejusmodi
812 2232 938 2269 vera
988 2218 1241 2267 insomnia
1289 2213 1404 2265 Θεό-

321 2315 488 2359 τεμτα
525 2297 786 2347 dicuntur.
856 2294 1087 2346 Lubias.
1105 2322 1172 2332 -
1188 2294 1402 2356 Somnia,

319 2374 435 2439 θα]
472 2374 725 2439 Appellat
765 2372 989 2438 figurate
1033 2372 1140 2432 illa,
1186 2384 1403 2436 qnorum

322 2450 459 2503 fides
497 2455 691 2504 certior
717 2454 771 2502 in
815 2451 1043 2502 sanando
1077 2458 1132 2501 et
1165 2449 1402 2500 efficacia

322 2532 513 2597 nujor.
575 2531 684 2581 Per
710 2531 890 2580 mia
907 2529 1044 2579 enim
1079 2528 1187 2578 sive
1212 2528 1400 2577 insom-

321 2608 415 2657 nia
454 2608 704 2673 intelligit
748 2613 1176 2671 praemonstratas
1213 2606 1401 2655 curati-

320 2697 469 2736 oms.
522 2684 841 2735 casaubonus.
898 2685 1039 2747 Lege
1080 2683 1261 2746 pituita
1301 2695 1399 2745 per

315 2769 433 2813 tres
467 2762 710 2826 syllabas.
727 2789 796 2798 --
813 2759 1191 2824 Purgatioeima]
1240 2760 1399 2811 Omni

320 2838 521 2905 pituita
559 2854 723 2889 vacua
744 2848 800 2889 et
822 2839 1069 2900 carentia,
1100 2837 1154 2887 id
1178 2847 1279 2901 est,
1299 2838 1397 2887 Ve-

318 2931 399 2980 ra,
424 2923 587 2983 certa,
618 2932 721 2967 non
744 2931 876 2968 vana
898 2922 954 2967 et
976 2915 1269 2967 temeraria.
1303 2916 1399 2965 Lu·

389 3067 457 3121 58
492 3071 737 3136 Ρτιεσίριιὶ
766 3073 931 3138 emito]
973 3070 1149 3136 Magis
1167 3071 1395 3134 colendi,

315 3148 693 3199 honoratiores.
724 3148 901 3199 Lubin.
991 3149 1066 3198 lis
1090 3162 1214 3212 ergo
1237 3147 1397 3212 potis-

312 3224 501 3275 simum
548 3226 664 3275 Diis
700 3240 730 3275 a
763 3226 952 3291 quibus
974 3226 1193 3291 plurima
1218 3241 1394 3292 spera·

314 3303 466 3367 bant,
509 3309 601 3353 aut
644 3318 861 3369 quorum
894 3309 1213 3367 potestatem
1236 3304 1396 3354 maxi·

312 3395 454 3431 mam
497 3381 772 3445 putabant,
809 3395 1019 3431 auream
1061 3380 1273 3431 barbam
1299 3382 1392 3431 tri-

310 3458 563 3510 buebant.
620 3458 884 3510 Cantibus.
960 3459 1155 3509 Censet
1194 3461 1389 3510 Turne-

309 3536 410 3587 bus
450 3535 673 3589 Advers.
720 3551 760 3587 1.
801 3542 881 3588 16.
934 3538 1019 3587 hic
1072 3551 1386 3588 summorum

312 3612 549 3663 Deorum
571 3615 792 3678 insignia
811 3614 1109 3680 significari.
1144 3614 1319 3665 Lubin.

376 3693 445 3740 59
480 3693 683 3752 Αιιηιηι,
725 3691 834 3755 ξω]
889 3690 1012 3741 Alia
1053 3706 1203 3741 vanae
1246 3691 1384 3743 illius

309 3766 379 3818 de
401 3767 520 3817 Diis
556 3768 813 3832 opinionis
872 3765 1065 3819 effecta
1098 3769 1383 3831 describit3

309 3844 450 3910 quod
471 3845 591 3894 hinc
628 3860 751 3894 vasa
784 3844 966 3896 fictilia
983 3855 1040 3898 et
1059 3846 1250 3911 lignea,
1273 3848 1384 3911 qui-

309 3921 408 3972 bus
433 3923 604 3972 Numa
641 3922 731 3973 ille
773 3924 1124 3974 sanctissimus
1169 3924 1293 3974 olim
1330 3925 1383 3973 in

309 3997 579 4049 sacrificiis
603 4015 723 4050 usus
748 4008 904 4063 esset,
925 4000 978 4050 in
1005 4015 1161 4050 aurea
1183 4008 1384 4052 mutata

309 4078 705 4129 essent—Vasa
751 4078 950 4143 Numoe]
1006 4079 1083 4129 Ut
1107 4080 1381 4144 simpuvia,

307 4154 608 4218 capedines,
650 4155 842 4205 fictiles
893 4157 1381 4222 urnulae.-Numoe]

310 4230 423 4286 Qui
456 4232 771 4297 Pythagorae
813 4233 1102 4284 imitatione
1123 4235 1292 4284 vetuit
1313 4236 1380 4285 si·

306 4306 537 4360 mulacra
575 4309 627 4358 in
669 4311 872 4375 templis
894 4310 1028 4362 fieri.
1095 4312 1381 4364 Interdixit

307 4382 466 4436 etiam
489 4390 544 4439 et
565 4387 736 4440 vetuit
757 4403 940 4442 aurum
962 4391 1159 4461 templo
1180 4388 1375 4447 inferri.

2433 434 2572 501 229

1498 589 2033 658 *Sambana-m]
2073 592 2177 643 'AEs
2219 592 2275 643 in
2316 592 2431 643 sede
2473 595 2568 645 Sa·

1499 668 1640 719 turni
1677 669 2015 730 condebatur,
2068 668 2294 719 nondum
2345 678 2580 735 argento-¹

1495 759 1728 811 auroque
1746 746 1971 811 signato.
2038 745 2193 795 Unde
2215 746 2452 796 serarium
2475 762 2581 797 no·-

1493 838 1615 874 men
1634 825 1861 889 accepit.
1898 823 2021 874 Fuit
2044 829 2222 874 autem
2260 825 2388 873 assis
2410 825 2566 876 libra-

1494 901 1577 965 lis,
1598 909 1658 951 et
1676 900 1999 968 dupondius:
2042 899 2180 966 quod
2200 900 2360 950 hodie
2389 901 2446 951 in
2469 917 2567 953 usu

1492 980 1758 1041 remansit,
1796 986 1852 1029 et
1892 979 2095 1029 solebat
2139 979 2347 1043 pensari
2388 980 2566 1042 potius

1490 1069 1646 1119 qimm
1683 1055 1979 1106 numerari:
2016 1054 2155 1105 unde
2187 1062 2244 1107 et
2279 1051 2565 1120 Dispensa-

1490 1137 1633 1182 tores
1655 1131 1783 1183 dicti
1804 1132 2213 1196 Praerogatores.
2257 1134 2358 1183 Vct.
2378 1132 2563 1183 Sche-

1486 1206 1724 1260 Satmia
1760 1209 1884 1273 ero]
1924 1209 2080 1260 AErea
2102 1210 2335 1273 vascula,
2357 1211 2563 1276 quibus,

1485 1302 1646 1338 aureo
1669 1289 1867 1349 seculo,
1886 1287 2111 1339 Saturno
2144 1298 2420 1353 regnante,
2441 1306 2561 1343 cum

1482 1365 1610 1415 nihil
1650 1366 1850 1432 uspiam
1901 1366 2013 1417 anri
2060 1373 2218 1431 esset,
2259 1368 2560 1421 utebantur.

1479 1439 1658 1494 Labin.
1719 1444 1862 1509 ΛΕΜ,
1893 1444 1947 1494 in
1983 1444 2171 1510 quibus
2203 1446 2400 1496 veteris
2434 1462 2558 1512 pop.

1481 1520 1631 1573 Rom.
1665 1531 1792 1587 opes
1814 1523 1972 1574 etiam
1996 1522 2221 1587 publica
2247 1530 2401 1575 erant
2422 1527 2562 1589 posi·

1477 1605 1547 1649 tae
1574 1616 1585 1648 :
1624 1599 1811 1650 alludit
1834 1600 1899 1649 ad
1926 1600 2187 1664 aerarium,
2208 1601 2344 1666 qaod
2367 1601 2419 1652 in
2443 1604 2562 1655 aede

1478 1675 1705 1727 Saturni.
1766 1676 2386 1743 Omma—Impulit]
2441 1679 2557 1732 Imo

1481 1752 1707 1817 expulit,
1737 1760 1795 1803 et
1816 1768 1847 1803 e
1865 1755 2076 1819 templis
2097 1755 2345 1820 removit,
2364 1764 2420 1807 et
2442 1759 2559 1811 loeo

1482 1829 1697 1920 dejecit.
1744 1830 1972 1881 Labinns.

1547 1910 1616 1956 60
1655 1908 1965 1973 Vestalesque,
1983 1906 2090 1971 θα]
2143 1907 2359 1960 Fictiles
2379 1925 2558 1976 urnas,

1480 1981 1668 2046 quibus
1721 1982 1964 2048 Virgines
2011 1981 2258 2034 Vestales
2315 1991 2555 2049 tempore

1483 2060 1672 2109 Numae
1732 2061 2111 2110 utebantur.--
2131 2061 2335 2111 Mun
2373 2062 2570 2129 fietile]-

1480 2137 1758 2189 Fictilibus
1798 2139 1935 2188 enim
1966 2139 2190 2189 ‘Pliuscia
2220 2140 2411 2191 nobilis
2432 2141 2555 2207 fuit,

1462 2214 1533 2264 -in
1555 2231 1659 2279 qua
1681 2216 1905 2280 plastice
1935 2216 2303 2281 exercebatur,
2342 2227 2398 2270 et
2416 2220 2554 2284 opti·

1478 2307 1566 2342 ma
1586 2292 1773 2344 fictilia
1805 2293 2182 2344 condebantur.
2250 2296 2475 2347 Possent
2496 2293 2564 2348 et

1478 2371 1667 2423 fictiles
1714 2357 1963 2437 imagine's
2017 2374 2257 2439 intelligi.
2325 2374 2554 2428 Dubium.

1477 2449 1564 2499 An
1588 2465 1654 2500 eo
1676 2451 1911 2515 respicit,
1935 2450 2073 2516 quod
2096 2452 2347 2517 pleraque
2369 2452 2444 2503 ad¹
2471 2467 2555 2505 re-

1473 2527 1720 2592 ligionem
1734 2529 2028 2593 spectantia
2049 2527 2342 2580 habuerunt
2365 2532 2554 2582 Rona-

1474 2606 1528 2654 ni
1552 2605 1618 2655 ab
1649 2606 1916 2655 Etruscis?
1953 2606 2270 2657 Caecubum.

1538 2688 1602 2734 ⁶1
1645 2684 1692 2733 Ο
1713 2698 1887 2745 cm,
1921 2683 2028 2748 ξω]
2100 2684 2196 2734 Est
2241 2686 2552 2737 exclamatio

1471 2763 1846 2827 indignationis
1890 2764 2065 2827 plena,
2109 2779 2213 2830 qua
2252 2779 2385 2814 vana
2434 2767 2551 2816 haec

1471 2839 1654 2903 populi
1676 2839 1742 2889 de
1762 2840 1884 2889 Diis
1908 2841 2101 2906 opinio,
2141 2843 2279 2906 quod
2313 2850 2373 2893 ut
2394 2839 2556 2893 borni-

1471 2929 1582 2980 nes,
1604 2917 1679 2967 sic
1703 2923 1759 2967 et
1772 2917 1866 2967 Dii
1883 2918 2178 2970 muneribus
2196 2918 2548 2988 delectentur,

1469 2991 1863 3044 refellunt—0
1879 2994 2060 3058 curve]
2120 2995 2326 3046 Animae
2351 3013 2549 3065 pronae,

1471 3069 1669 3134 bardae,
1691 3070 1933 3136 stupida»,
1952 3086 2121 3123 nerum
2141 3073 2431 3124 divinarum
2455 3090 2546 3126 ex·

1469 3153 1668 3213 pertes,
1690 3154 1747 3198 et
1770 3148 1835 3197 ad
1858 3150 2044 3200 coelurn
2080 3150 2293 3200 minime
2328 3160 2542 3204 erecte.

1467 3226 1731 3292 —Ciervae]
1787 3226 1941 3279 Quod
1965 3226 2091 3277 nibil
2115 3235 2313 3292 praeter
2333 3238 2546 3282 terrena

1466 3304 1804 3368 meditentur,
1825 3305 1956 3356 nihil
1968 3307 2203 3372 coeleste,
2217 3313 2271 3357 et
2296 3308 2414 3358 Deo
2435 3309 2546 3374 dig-

1466 3391 1590 3431 num
1631 3382 1948 3447 concipiant.
2015 3384 2254 3448 Metaph.
2300 3400 2331 3435 a
2386 3386 2544 3438 rebus

1466 3461 1730 3526 corporeis
1754 3460 1820 3511 ad
1841 3461 2080 3512 animam.
2114 3462 2423 3513 Lubine-In
2444 3469 2542 3514 ter·

1460 3538 1556 3603 ris]
1614 3538 1720 3591 Qui
1738 3552 1842 3587 non
1861 3540 2025 3589 solum
2054 3545 2248 3589 terram
2280 3546 2545 3606 spectant,

1459 3615 1552 3664 sed
1572 3615 1624 3663 in
1648 3615 1741 3664 illa
1771 3616 1870 3666 toti
1891 3616 2126 3666 hau-ent:
2164 3629 2232 3665 ne
2270 3617 2538 3668 minimum

1461 3691 1673 3756 quidem
1720 3693 2022 3742 attollentes
2055 3708 2111 3742 se
2135 3707 2295 3757 supra
2312 3694 2540 3746 humum.

1461 3771 2144 3836 Cuoaabonas.—-Coelestium]
2190 3772 2311 3823 Suae
2332 3780 2536 3825 naturae

1456 3848 1673 3913 ignarae,
1715 3864 1834 3898 cum
1879 3865 1911 3899 a
1943 3849 2252 3900 Caelestibus
2284 3849 2537 3913 originem

1459 3927 1724 3978 duxerint.
1793 3926 1981 3978 Inanes
2000 3927 2116 3992 ejus
2140 3927 2451 3993 cognitionis
2472 3933 2558 3979 aes

1458 4004 1713 4067 scientiae,
1753 4018 1874 4070 qnae
1914 4005 2069 4054 docet
2105 4004 2229 4070 qnid
2264 4005 2333 4056 sit
2366 4006 2537 4072 Deus,

1457 4090 1512 4130 et
1534 4082 1789 4145 quomodo
1811 4079 2073 4132 adoretur.
2113 4082 2294 4133 Lubin.

1521 4162 1587 4207 62
1623 4159 1776 4223 Quid,
1816 4158 1924 4223 ξω]
1990 4159 2131 4211 Quid
2185 4158 2419 4225 prodest,
2460 4171 2529 4210 ex

1454 4228 1635 4285 nostro
1655 4235 1865 4299 ingenio
1888 4241 1945 4287 et
1964 4235 2191 4288 moribus
2212 4238 2358 4288 Deos
2381 4252 2531 4303 spec·

1455 4320 1586 4378 tare,
1606 4318 1663 4364 et
1686 4312 1892 4378 templis
1924 4313 1989 4363 ad
2025 4315 2167 4365 Deos
2191 4321 2400 4365 nostros
2418 4329 2528 4364 mo·

1451 4405 1557 4458 res,
1578 4390 1869 4458 avaritiam,
1891 4396 1947 4444 et
1969 4393 2081 4444 auri
2103 4391 2398 4460 cupidinem
2430 4392 2540 4445 im·-
