3084 4934
514 392 609 459 ¹70

1279 410 1351 461 A.
1403 408 1650 463 Pansa
1700 411 1962 467 rmum

518 553 623 620 En
645 552 809 639 quid
838 553 1030 639 agis?
1074 555 1294 629 siccas
1314 556 1552 624 insana
1579 558 1901 626 Canicula
1926 581 2179 629 messes
2227 558 2234 563 ’
2681 568 2727 631 5

518 657 566 724 J
569 678 679 724 am
706 658 953 723 dudum
981 660 1228 743 coquit,
1260 665 1327 726 et
1352 662 1587 744 patula
1614 681 1827 745 pecus
1855 676 2050 729 omne
2076 666 2202 729 sub
2231 667 2416 732 ulmo
2443 674 2584 751 est3

518 758 711 826 Unus
739 761 832 824 ait
857 762 1192 827 comitum.
1281 765 1302 795 ‘
1326 761 1709 829 Verumne?
1750 765 1975 830 itane?
2021 787 2232 851 ocyus
2261 769 2446 836 adsit

518 861 681 928 Huc
710 862 992 947 aliquis!
1036 864 1294 928 nemon'
1313 863 1366 929 'l’
1408 864 1759 950 Turgescit
1786 867 2003 933 vitrea
2030 869 2231 936 bilis:

520 964 865 1031 Finditur:
914 963 1227 1032 Arcadiae
1252 969 1567 1051 pecuaria
1594 968 1823 1035 rudere
1853 969 2108 1038 credas.
2189 1014 2192 1019 -

516 1131 799 1185 emacularet
811 1133 1011 1181 sanitati
1032 1132 1177 1182 noxia
1186 1132 1293 1193 jam
1308 1134 1493 1197 pridem
1514 1135 1675 1184 adurit
1697 1135 1860 1185 aridas
1878 1142 2061 1199 segetes
2072 1154 2088 1186 .·
2120 1143 2167 1187 et
2179 1152 2307 1200 grex
2326 1141 2477 1190 omnis
2495 1142 2582 1192 aab
2605 1144 2729 1194 abac

517 1199 736 1249 umbrosa
753 1198 884 1259 jacet
901 1213 921 1257 ,·
953 1197 1108 1261 inquit
1124 1212 1245 1248 unus
1274 1199 1486 1253 esociis.
1556 1198 1779 1249 Hoceine
1807 1216 1971 1250 verum
1992 1203 2109 1252 est?
2157 1205 2237 1252 An
2258 1205 2328 1253 sic
2351 1219 2406 1254 se
2428 1220 2512 1256 res
2533 1207 2726 1259 habet?

521 1262 882 1327 Quamprimum
912 1263 1066 1313 isthuc
1097 1265 1255 1313 veniat
1277 1263 1511 1328 quispiam
1525 1280 1542 1313 .·
1583 1267 1797 1315 nullasu
1819 1267 2025 1316 veniet?
2057 1268 2190 1317 Bilis
2206 1270 2439 1333 pellucido
2461 1271 2728 1325 intumescit

516 1328 570 1379 in
592 1343 709 1380 me:
744 1328 820 1378 ita
840 1344 1031 1393 rumpor
1046 1326 1416 1379 vociferando:
1451 1334 1508 1378 ut
1537 1336 1678 1393 putes
1704 1333 1874 1380 rudere
1906 1346 2074 1396 pecora
2095 1336 2347 1385 Arcadica.
2413 1337 2540 1386 Mox
2566 1341 2729 1404 codex,

1446 1471 1563 1491 eoo-e
1569 1466 1803 1492 ebo-'eece

512 1555 883 1622 habentflndor

895 1572 912 1606 ε
947 1570 1108 1620 qnare
1130 1556 1207 1606 ita
1225 1555 1513 1634 distingue:
1547 1556 1798 1619 ihu-gese&
1815 1558 1969 1609 vitrea
1990 1559 2099 1611 bilis
2118 1579 2137 1611 .-
2161 1561 2373 1612 Findort
2406 1568 2463 1614 ut
2483 1562 2726 1628 Arcadia,

510 1625 593 1686 ξε.
642 1620 766 1689 *Pro
787 1622 1292 1687 credm,membrnnae
1312 1624 1462 1672 ducas.
1526 1620 1844 1687 Ausonius,‘
1868 1626 2038 1675 asinos
2079 1641 2283 1692 qnoque
2320 1628 2512 1677 rudere
2551 1629 2729 1681 dicas!

1511 1738 1563 1787 N
1570 1738 1726 1788 01·AE

513 1849 859 1903 Anaximenes
900 1850 1157 1902 Milesius.
1223 1853 1343 1903 Hoc
1403 1858 1579 1902 tamen

512 1929 898 1981 Anaximandro
944 1928 1278 1979 Anaximenis
1331 1930 1579 1995 magistro

512 2009 748 2061 tribuunt
772 2009 1038 2072 Diogenes
1061 2008 1298 2059 Laertius
1320 2010 1358 2059 l.
1381 2024 1444 2060 11.
1490 2010 1578 2059 Vi-

509 2088 727 2149 truvius,
758 2093 813 2136 et
855 2087 958 2137 alii.
1019 2086 1201 2136 Romae
1225 2102 1348 2137 vero
1370 2087 1577 2137 illorum

507 2179 632 2215 usus
655 2178 770 2214 esse
801 2164 964 2226 coepit
996 2163 1133 2213 bello
1170 2163 1370 2214 Punico
1393 2164 1581 2227 primo,

506 2247 568 2293 ut
596 2241 756 2291 habet
794 2241 992 2290 Plinius
1032 2242 1149 2291 loco
1181 2242 1362 2292 citato.
1427 2239 1578 2293 Anti-

507 2317 690 2382 quiora
724 2323 897 2367 tamen
935 2318 1028 2366 illa
1059 2325 1268 2369 constat
1310 2332 1376 2367 ex
1416 2319 1579 2368 saeris

509 2393 791 2446 Codicibus
826 2395 859 2444 l.
878 2407 953 2445 tv.
988 2396 1206 2460 Regum,
1225 2411 1273 2446 c.
1292 2399 1373 2447 20.
1397 2394 1489 2444 ubi
1511 2396 1577 2446 de

506 2471 775 2537 horologio
813 2471 1088 2536 Achaz,et
1127 2473 1193 2525 de
1229 2475 1347 2524 Sole
1370 2489 1464 2538 per
1490 2474 1577 2523 de-

507 2563 620 2601 cem
645 2549 806 2599 lineas
828 2549 1258 2614 retrogrediente.
1327 2551 1576 2602 Quamvis

508 2626 647 2675 enim
686 2625 740 2675 in
779 2631 931 2675 textu
974 2626 1241 2676 Hebraico
1285 2640 1389 2676 vox
1433 2626 1577 2675 nulla

508 2701 800 2769 significans
819 2703 980 2753 lineas
1012 2710 1104 2754 aut
1140 2703 1459 2767 horologium
1497 2702 1573 2753 ibi

505 2779 816 2843 reperiatur,
852 2780 946 2830 sed
990 2786 1190 2830 tantum
1235 2779 1459 2846 gradus3
1516 2787 1575 2831 et

505 2855 685 2909 Achaz
704 2872 808 2908 non
825 2857 1064 2907 habuerit
1080 2857 1401 2922 horologium
1422 2857 1576 2907 lineis

505 2939 563 2983 et
584 2948 838 2998 gnomone
863 2933 1176 2998 perfectum,
1198 2939 1258 2983 ut
1289 2948 1385 2983 nos
1421 2933 1574 2983 hodie

504 3010 786 3074 habemus;
842 3017 899 3061 at
935 3010 1126 3075 gradus
1164 3010 1215 3061 ei
1255 3008 1413 3060 fuisse
1457 3016 1574 3060 arte

504 3087 801 3152 dispositos,
823 3095 878 3137 et
900 3087 1052 3138 horas
1073 3087 1180 3136 diei
1209 3100 1305 3150 per
1339 3086 1575 3136 umbram

502 3164 636 3214 Solis
659 3164 968 3226 indicantes,
1001 3164 1249 3229 colligere
1289 3168 1370 3213 est
1407 3179 1473 3213 ex
1495 3164 1571 3213 D.

503 3241 827 3307 Hieronymo
877 3243 1223 3292 commentar.
1284 3240 1342 3289 in
1381 3239 1573 3290 Isaiam

494 3316 576 3368 ita
596 3318 860 3369 scribente
881 3335 895 3368 ι
947 3320 963 3348 ‘
988 3318 1163 3368 Datur
1178 3317 1382 3382 signum
1404 3323 1465 3368 ut
1487 3317 1575 3367 Sol

503 3395 686 3446 decem
709 3395 957 3459 gradibus
990 3402 1304 3458 revertatur,
1328 3409 1456 3460 quos
1478 3408 1574 3443 nos

493 3473 656 3537 juxta
675 3472 1036 3538 Symmachum
1072 3473 1123 3522 in
1162 3462 1327 3522 lineas
1346 3478 1402 3522 et
1421 3471 1575 3521 horo-

501 3548 691 3615 logium
715 3548 985 3618 vertimus,
1004 3548 1092 3614 qui
1110 3547 1301 3613 gradus
1316 3546 1575 3597 intellexit

501 3626 557 3674 in
602 3625 773 3687 lineis,
814 3631 873 3675 ut
913 3622 1323 3675 manifestiorem
1365 3638 1572 3684 sensum

502 3702 796 3767 legentibus
819 3700 1052 3751 facere-t:
1089 3702 1196 3751 sive
1220 3701 1294 3752 ita
1321 3702 1574 3752 exstructi

500 3784 651 3831 erant
671 3778 861 3843 gradus
886 3785 999 3828 arte
1037 3778 1356 3841 mechanica,
1392 3784 1451 3828 ut
1474 3793 1572 3842 per

502 3855 729 3919 singulos
752 3855 935 3904 umbra
975 3854 1295 3906 descendens
1330 3848 1573 3905 horarum

501 3931 672 3995 spatia
690 3930 1029 3982 terminaret!

566 4014 596 4058 5
636 4008 889 4072 Canicula]
923 4006 1286 4069 Constellatio,
1308 4022 1426 4073 quae
1447 4006 1568 4056 dum

500 4085 588 4139 Sol
616 4084 671 4134 in
704 4085 881 4134 Leone
904 4092 1004 4148 est,
1025 4085 1209 4135 oritur.
1275 4086 1409 4135 Vide
1432 4086 1572 4136 Pliu.

498 4174 565 4212 ιι.
591 4165 675 4211 40.
743 4161 896 4213 Unde
919 4163 984 4212 ab
1003 4162 1243 4227 Horatio,
1273 4163 1444 4214 Vesam'
1463 4165 1577 4213 stel-

501 4238 550 4303 la
568 4237 773 4290 Leonis.-
806 4253 838 4288 a
858 4237 1045 4288 Persio
1081 4253 1224 4301 vero,
1255 4239 1421 4289 insana
1451 4239 1579 4289 dici-

500 4318 608 4378 t'ur,
636 4313 754 4383 quia
773 4315 980 4371 morbos
1010 4323 1256 4381 procreat
1290 4315 1424 4367 bene
1445 4315 1575 4391 mul—

1662 1860 1759 1917 tos,
1781 1854 1847 1905 ob
1869 1861 2053 1905 aestum
2076 1862 2132 1908 et
2155 1855 2529 1906 vehementiam
2551 1873 2564 1906 :
2601 1857 2728 1907 item

1659 1945 1812 1981 canes
1849 1931 1902 1981 iu
1940 1931 2136 1983 rabiem
2170 1934 2299 1997 agit.
2365 1934 2505 1984 Hinc
2539 1934 2728 1985 Horat.

1657 2000 1769 2057 Sat.
1797 2022 1837 2058 1.
1877 2012 1927 2058 6.
1971 2015 2142 2073 vocat,
2206 2012 2221 2038 ‘
2248 2009 2459 2060 Rabiosi
2494 2018 2728 2076 tempora

1659 2084 1830 2150 signi.’
2719 2142 2726 2149 ὁ

1724 2167 1756 2212 6
1791 2163 1970 2213 Potula
2009 2179 2154 2228 pecus
2194 2178 2329 2213 omne
2359 2163 2445 2214 nb
2476 2166 2602 2215 ulmo
2634 2164 2729 2230 est]

1660 2240 1800 2289 Dum
1825 2239 2138 2289 meridianus
2179 2247 2338 2290 aestus
2377 2238 2729 2304 defervescat,

1660 2331 1847 2380 greges
1871 2317 1921 2366 in
1947 2316 2173 2367 umbram
2200 2317 2547 2369 deducuntur.
2582 2318 2729 2383 Virg,

1660 2393 1774 2442 Ecl.
1800 2407 1861 2442 n.
1927 2394 1942 2420 ‘
1965 2394 2117 2443 Nunc
2154 2394 2314 2444 etiam
2350 2395 2578 2459 pecudes
2618 2409 2728 2444 um-

1658 2469 1776 2519 bras
1797 2478 1852 2519 et
1874 2467 2068 2533 frigora
2091 2469 2344 2534 captant!

1721 2550 1751 2595 7
1794 2546 1927 2595 Unus
1947 2546 2019 2595 ait
2041 2546 2284 2611 comitum]
2336 2546 2469 2596 Hoec
2493 2547 2730 2612 plerique

1655 2620 1894 2673 referunt
1913 2622 1980 2671 ad
2006 2623 2230 2687 priorem
2256 2625 2587 2675 sententiam.
2622 2624 2727 2673 Sed

1653 2714 1755 2749 non
1779 2699 1871 2748 abs
1893 2713 1947 2748 re
1972 2699 2240 2748 contendit
2261 2699 2592 2750 casaubonus
2614 2699 2727 2767 fini-5

1653 2774 1839 2825 endam
1879 2780 2000 2824 ante
2040 2774 2149 2824 haec
2189 2774 2352 2825 verba
2386 2777 2727 2841 praeceptoris

1655 2852 2101 2917 increpationem:
2155 2859 2213 2902 ut
2250 2850 2430 2928 verba·
2452 2853 2587 2915 haec,
2610 2868 2731 2905 unus

1653 2931 1725 2980 uit
1745 2932 1986 2994 comitum,
2018 2928 2190 2980 Persii
2227 2929 2334 2979 sint
2355 2931 2636 2981 narrantis:
2673 2938 2729 2983 et

1654 3022 1771 3071 quae
1796 3014 2101 3070 sequuntur,
2122 3007 2226 3056 sint
2249 3007 2726 3072 expergiscentium

1654 3084 2043 3149 discipulorum.

1723 3156 1883 3228 Ocyas
1903 3162 2052 3226 adsit]
2098 3162 2254 3213 Adsit
2292 3163 2527 3227 protinus
2562 3162 2730 3214 famn-

1654 3238 1749 3300 lus,
1766 3246 1821 3290 et
1846 3247 2018 3289 vestes
2032 3237 2233 3305 afferat,
2248 3247 2307 3290 ut
2327 3254 2531 3304 surgam
2550 3255 2729 3305 quam·

1655 3316 1892 3380 primum.

1720 3395 1752 3440 8
1794 3393 1958 3443 Vitrea
1974 3392 2105 3457 bilis]
2154 3392 2315 3444 Quasi
2352 3393 2489 3443 vitro
2528 3391 2727 3457 similis,

1654 3484 1771 3534 quae
1787 3469 1836 3518 in
1857 3471 2003 3519 vultu
2021 3470 2272 3520 iracundo
2288 3476 2560 3534 appareat.
2593 3471 2727 3521 Hor.

1655 3547 1766 3596 Sat.
1791 3560 1830 3595 1.
1856 3551 1906 3597 3.
1941 3548 1955 3575 ‘
1981 3546 2317 3612 Splendidam
2355 3545 2532 3597 bilem’
2574 3547 2727 3599 dixit.

1655 3620 1765 3672 Alii
1788 3620 2214 3688 interpretantur,
2249 3621 2445 3687 inflata,
2479 3623 2725 3674 intumes-

1655 3714 1793 3764 cens,
1817 3707 1873 3757 ut
1894 3701 2104 3750 vitrum.

1717 3781 1750 3826 9
1786 3778 2034 3842 Finditur]
2085 3779 2256 3828 Laxat
2277 3777 2505 3828 habenas
2526 3776 2726 3827 iracun-

1653 3854 1751 3904 diae
1776 3857 2014 3920 petulans
2055 3856 2383 3919 adolescens,
2426 3861 2483 3905 et
2516 3854 2638 3920 quia
2657 3855 2725 3904 ad

1650 3932 1883 3983 laborem
1907 3942 1964 3982 et
1994 3932 2221 3984 studium
2256 3947 2354 3982 non
2388 3937 2576 3996 sponte
2619 3937 2723 3980 tra-

1652 4008 1813 4071 hitur,
1835 4009 1960 4059 iram
1981 4010 2035 4059 in
2054 4008 2271 4059 famulos
2293 4014 2564 4059 exonerat.
2598 4007 2725 4060 Qui·

1657 4085 1773 4135 dam
1796 4087 1995 4150 legunt,
2018 4086 2230 4136 Findor:
2263 4089 2318 4134 ut
2337 4083 2580 4147 Arcadiae,
2600 4086 2682 4148 ξε.

1720 4161 1968 4226 Arcadica]
2049 4161 2217 4225 Regio
2275 4168 2356 4212 est
2410 4157 2726 4227 Peloponesi

1657 4241 1846 4291 multos
1869 4247 1923 4290 et
1944 4255 2158 4307 magnos
2179 4240 2321 4293 alens
2340 4239 2529 4290 asinos.
2735 4224 2756 4245 ⁰
