3084 4934
444 1493 449 1498 ’
536 1490 680 1553 vulg.

537 384 671 452 1ae

1301 397 1372 447 A.
1423 395 1670 449 PERSH
1717 397 1983 448 FLAocl

539 544 717 611 Rem
741 543 1063 630 duplica.-
1126 542 1326 610 Feci.
1363 542 1512 627 jam
1537 544 1859 628 triplex,
1828 563 1977 630 Jam
2004 537 2165 612 mihi
2191 554 2454 634 quarto,

537 649 583 715 J
589 669 699 714 am
727 648 950 714 decies
977 646 1194 712 redit⁶
1172 667 1243 711 m
1268 666 1517 731 rugam.
1612 646 1958 731 Depunge,
1996 651 2113 714 ubi
2142 651 2399 766 sistam,

537 750 881 830 Inventus,
911 748 1309 837 Chrysippe,
1342 751 1441 816 tui
1468 750 1690 815 finitor
1719 753 1961 819 acervi.

2654 751 2741 820 80

536 981 657 1035 Jam
678 982 732 1032 id
719 980 978 1099 (patitui.
1040 984 1157 1035 Jam
1176 986 1372 1050 triplex,
1379 985 1489 1048 jam
1508 987 1817 1065 quadruplex,
1826 986 1934 1049 jam
1954 988 2184 1051 decuplex
2200 986 2318 1037 mihi
2349 987 2565 1051 promit
2584 984 2639 1035 in
2656 981 2750 1049 pli-

797 1048 1076 1115 Chrysippe,
1115 1056 1174 1101 tu
1207 1057 1419 1115 repertus
1449 1052 1723 1103 terminasse
1752 1054 1984 1103 cumulum
2017 1058 2169 1117 tuum,
2208 1052 2366 1103 indica
2400 1051 2525 1102 mihi
2557 1050 2749 1101 ubinam

538 1113 689 1164 stabo.

1461 1262 1819 1284 OOONOOON‘O

535 1362 603 1409 '2¹9
640 1357 857 1437 Depinge
888 1363 972 1408 est
993 1358 1189 1423 scripta
1208 1360 1367 1413 lectio
1396 1362 1622 1413 omnium
1645 1377 1780 1428 quos
1792 1363 2011 1413 vidimus
2031 1361 2316 1413 librorum.
2357 1362 2412 1412 iu
2432 1361 2663 1412 editione
2681 1360 2747 1416 P·

538 1424 733 1473 Pithoei
788 1429 872 1474 est
908 1425 1153 1488 depunge.-

1204 1427 1341 1492 quod
1401 1429 1693 1494 perplacet.
1747 1428 2009 1480 Casaubon.
2088 1429 2291 1493 depinge
2336 1428 2434 1478 Ed.
2476 1427 2661 1492 steph.
2692 1431 2750 1475 et

1534 1634 1755 1686 NOTAE

528 1726 869 1791 cantandum,
885 1740 989 1794 quo
1010 1737 1218 1795 pateret
1238 1730 1440 1782 illorum
1460 1733 1602 1797 agili·

524 1810 619 1854 <tas
653 1812 709 1855 et
741 1805 1015 1858 industria.
1064 1809 1218 1858 Vide
1241 1809 1410 1859 iufra.
1462 1811 1603 1862 Item

535 1882 778 1933 Juvenal.
798 1882 906 1933 Sat.
927 1897 969 1933 1.
993 1899 1071 1934 vs.
1095 1889 1205 1935 111.
1316 1918 1326 1929 -

550 1957 786 2020 Rigida
803 1960 1012 2024 catana]
1058 1960 1148 2011 Ob
1182 1962 1403 2026 rigorem
1443 1966 1600 2015 servi-

524 2036 691 2099 ·‚tutis·
686 2043 796 2087 aut
817 2037 1063 2087 duritiem
1095 2038 1280 2103 ligneae
1317 2041 1601 2107 compedis,

533 2114 619 2163 eui
638 2115 909 2180 mancipia=
918 2117 1098 2166 erant⁶
1078 2130 1294 2167 muexa.
1346 2147 1356 2160 -

523 2204 545 2216 ·-
600 2189 825 2254 Catane]
848 2193 1025 2242 Locus
1047 2200 1160 2244 erat
1182 2194 1245 2243 in
1258 2195 1491 2246 Romano
1519 2194 1599 2248 fo-

520 2285 615 2334 *ro,
637 2270 729 2320 ubi
751 2272 960 2321 venales
993 2271 1131 2321 servi
1168 2272 1598 2337 exponebantur·

524 2345 626 2396 ’ἀπὸ
644 2348 733 2397 τοῦ
752 2347 1058 2398 κατιστάναι.
1103 2349 1347 2415 Propert.
1364 2351 1510 2418 Eleg.
1523 2366 1601 2406 W.

531 2431 583 2474 ὅ.
616 2426 633 2453 ‘
650 2425 764 2475 Aut
795 2440 1013 2490 quorum
1036 2426 1218 2477 titulus
1248 2429 1345 2492 per
1378 2428 1602 2480 barbara

531 2502 669 2552 eolla
683 2502 955 2567 pependit,
976 2504 1167 2554 Coelati
1189 2505 1358 2554 medio
1379 2519 1497 2555 cum
1514 2515 1601 2555 'sa-

522 2578 660 2629 liere
693 2577 844 2629 foro?
906 2579 1041 2629 Item
1070 2585 1271 2644 catasta,
1287 2580 1462 2644 lignea
1482 2588 1601 2633 erat

522 2649 562 2704 ‘e
601 2654 854 2706 tabulatis
894 2656 1150 2715 machina,
1189 2656 1242 2705 in
1282 2663 1389 2721 qua
1429 2657 1597 2709 vincti

518 2733 839 2798 prostabant
879 2733 1018 2782 servi
1054 2733 1283 2783 venales.
1322 2771 1329 2780 .
1365 2734 1599 2785 Martial.

519 2811 684 2877 ‘Epig.
707 2824 790 2860 1x.
818 2816 902 2861 60.
937 2813 953 2841 ‘
973 2811 1119 2863 Quos
1154 2826 1359 2861 arcanae
1387 2819 1601 2862 servent

530 2887 769 2937 tabulata
789 2886 1043 2939 catastae!
1110 2888 1355 2939 Meminit
1377 2896 1434 2940 et
1454 2890 1596 2940 Plin.

531 2975 705 3015 xxxv.
743 2968 825 3015 17.
866 2971 923 3015 et
956 2969 1039 3015 18.
1101 2964 1292 3015 Similis
1329 2967 1600 3017 huie-erat

518 3040 645 3091 'fere
665 3045 851 3091 catasta
871 3041 1014 3106 illa,⁶
999 3056 1054 3090 ιιι
1077 3055 1181 3107 qua
1204 3042 1470 3107 Martyres
1493 3051 1599 3094 tor·

521 3118 721 3183 'quendi
738 3119 1179 3170 extendebantur:
1206 3120 1344 3185 quod
1362 3120 1600 3173 referunt

531 3195 720 3258 passim
742 3197 1128 3261 martyrologia.
1290 3225 1295 3230 -
1359 3225 1363 3232 ·
1442 3227 1449 3236 ·

519 3294 531 3306 ,
583 3276 681 3322 78
694 3273 819 3323 Rem
849 3274 1062 3338 duplica]
1113 3275 1220 3325 Per
1257 3290 1437 3327 usuras
1473 3291 1598 3342 opes

520 3350 752 3415 Qadsuge
818 3350 1008 3401 Horat.
1045 3352 1216 3416 Epist.
1249 3366 1289 3402 1.
1306 3358 1358 3403 6.
1401 3355 1419 3383 ‘
1444 3354 1597 3405 Mille

518 3426 728 3476 talenta
749 3427 1127 3488 rotundeutur3
1163 3428 1380 3478 totidem
1403 3431 1594 3481 altera:

531 3516 686 3565 porro
706 3502 885 3554 Tertia
904 3503 1207 3569 succedent,
1237 3513 1294 3557 et
1326 3519 1458 3571 quae
1478 3523 1599 3572 pars

520 3579 756 3645 -quadret
777 3582 1057 3640 acervum!
1166 3597 1170 3602 ·

518 3674 551 3692 ·
558 3658 734 3723 Feci]
758 3660 1057 3723 Respondet
1075 3675 1168 3725 per
1181 3663 1596 3727 prosopopoeiam

520 3743 746 3797 ‘avarus3
790 3750 896 3786 non
934 3743 1136 3787 tautum
1180 3739 1464 3804 duplicavi,
1502 3740 1596 3791 sed

520 3811 719 3863 -foeuus
736 3812 922 3864 foenori
950 3814 1165 3879 addens,
1194 3823 1251 3867 et
1272 3815 1480 3868 foenoris
1504 3817 1597 3868 foe-

529 3905 626 3942 nus
656 3892 939 3955 accipiens,
971 3897 1082 3941 rem
1111 3894 1232 3944 auxi
1264 3900 1365 3959 ter,
1395 3901 1597 3961 quater,

520 3966 724 4018 decies.

594 4048 662 4095 'to
678 4044 864 4095 Decies
874 4046 1029 4096 redis
1010 4062 1063 4096 m
1076 4047 1269 4111 rugam]
1285 4047 1597 4119 Metephora

531 4120 692 4169 dueta
730 4135 764 4169 a
804 4121 1038 4171 vestibus
1089 4138 1207 4187 quae
1257 4131 1598 4189 corrugantur

531 4196 744 4261 proprie
766 4202 823 4246 et
840 4197 1132 4262 plicantur·
1117 4235 1134 4260 ,
1167 4215 1260 4251 seu
1290 4217 1408 4268 quae
1429 4200 1484 4251 in
1504 4202 1601 4266 pli-

533 4287 624 4325 cas
638 4280 694 4325 et
716 4288 868 4341 rugas
889 4276 1284 4330 contrahuntur.
1333 4278 1485 4330 Unde
1505 4292 1601 4345 per

1684 1728 2071 1781 similitudinem
2082 1697 2419 1796 multiplicari
2433 1741 2558 1793 opes
2574 1727 2756 1779 dicun·

1684 1814 1789 1871 tur,
1812 1807 1934 1857 dum
1967 1809 2186 1859 nummis
2212 1808 2407 1859 nummi
2427 1799 2752 1896 accumulan-

1680 1887 1785 1948 tur,
1807 1892 1866 1936 et
1886 1879 2211 1937 accrescunt.

1744 1963 1996 2029 Depunge]
2029 1965 2342 2028 Metaphora
2366 1976 2397 2011 a
2413 1961 2585 2012 libra⁶
2572 1976 2626 2011 iu
2648 1976 2749 2027 qua

1679 2049 1883 2092 certum
1921 2040 2125 2105 pondus
2160 2040 2425 2090 indicatur
2455 2042 2512 2090 e‘t
2539 2037 2753 2092 nentur

1679 2118 1903 2183 punctis.
1937 2118 2055 2168 δεῖ.
2068 2132 2123 2169 v.
2145 2132 2221 2168 vs.
2245 2120 2358 2166 100.
2393 2115 2409 2143 ‘
2430 2116 2591 2165 Certo
2613 2128 2752 2165 com·

1680 2210 1897 2260 pescere
1915 2202 2114 2261 puncto
2137 2195 2341 2245 nescius
2365 2192 2619 2244 examen!
2647 2194 2753 2242 ‚Le-

1681 2281 1809 2337 gunt
1831 2274 1937 2332 alii,
1959 2273 2179 2337 depinge.
2245 2273 2437 2322 Sensus
2471 2268 2751 2335 utrobique

1681 2350 1821 2404 idem
1866 2357 1979 2402 este
2037 2356 2229 2414 statue,
2263 2348 2565 2415 praescribe,
2597 2362 2751 2412 quem

1682 2429 1867 2495 opibus
1930 2429 2181 2494 augendis
2235 2436 2292 2479 et
2342 2425 2751 2491 multiplicandis

1680 2503 1890 2555 modum
1910 2520 2117 2572 ponam.
2184 2505 2397 2556 Ironice
2424 2505 2536 2553 hoec
2558 2501 2615 2551 in
2636 2513 2755 2552 aya·

1681 2594 1767 2631 ros
1789 2580 2089 2645 hydropicis
2111 2580 2324 2643 similes,
2349 2577 2622 2644 dequibus
2648 2576 2753 2627 dic-

1681 2662 1811 2718 tum;
1844 2660 1860 2686 ‘
1885 2658 2002 2709 Quo
2041 2657 2158 2720 plus
2197 2662 2318 2706 sunt
2354 2660 2496 2719 pota»,
2531 2654 2648 2717 plus
2685 2653 2754 2704 si·

1680 2733 1881 2783 tiuntur
1895 2732 2081 2798 aquae?
2143 2734 2216 2783 Et
2234 2731 2478 2784 Juvenal.
2510 2730 2526 2758 ‘
2546 2730 2753 2781 Crescit

1681 2811 2075 2875 amormummi,
2103 2816 2353 2876 quantum
2384 2809 2500 2874 ipsa
2528 2807 2753 2872 pecunia

1680 2887 1907 2937 crescit!
1978 2923 1982 2930 ·

1683 2979 1693 3007 t
1750 2964 1847 3015 Ubi
1873 2963 2064 3027 εἰειαηι]
2116 2962 2321 3018 Allusio
2364 2963 2432 3012 ad
2472 2961 2753 3028 Chrysippi

1680 3041 2151 3107 proeceptum,'qui,
2170 3047 2231 3092 ut
2251 3040 2411 3092 Soriti
2444 3037 2754 3105 respondea-

1680 3124 1786 3183 tur,
1807 3118 2087 3169 sistendum
2111 3118 2165 3168 in
2194 3133 2300 3168 una
2330 3133 2360 3167 e
2384 3118 2757 3184 propositioni«

1680 3195 1796 3260 bue,
1819 3195 2011 3246 aiebat.
2039 3210 2044 3216 ’
2077 3195 2214 3245 Vide
2236 3193 2387 3244 infra.
2427 3241 2432 3247 .
2577 3207 2587 3214 '

1679 3309 1684 3315 .
1747 3271 2037 3336 Chrysippo]
2073 3271 2180 3322 Hic
2212 3271 2420 3322 Stoicus
2450 3269 2555 3321 fuit
2576 3270 2751 3324 Phile·

1677 3350 1887 3415 sophus,
1926 3351 2169 3415 Zenonis,
2205 3352 2310 3415 vel,
2343 3356 2402 3400 ut
2433 3351 2616 3400 volunt
2648 3350 2752 3414 alii,

1679 3428 1945 3478 Cleanthis
1968 3428 2269 3491 discipulus,
2289 3427 2370 3477 vir
2382 3427 2490 3476 acri
2504 3426 2749 3492 ingenio:

1679 3505 1733 3555 in
1756 3504 2051 3558 Dialectica
2072 3504 2354 3556 excelluit:
2392 3504 2596 3569 quoties
2627 3517 2749 3555 cou-

1679 3592 1760 3636 tra
1795 3586 2098 3636 Cleanthem
2121 3585 2434 3650 disputat-at,
2464 3584 2649 3635 solitus
2672 3583 2751 3640 di-

1670 3675 1819 3725 cere,
1838 3660 2159 3713 fortunatum
2183 3675 2238 3710 se
2269 3662 2515 3711 adversus
2548 3675 2750 3724 omnes,

1676 3745 2027 3805 praeterquam
2041 3739 2289 3789 adversus
2302 3738 2609 3788 Cleanthem
2624 3754 2638 3786 2
2662 3737 2749 3788 ad·

1675 3830 1739 3866 eo
1762 3830 1884 3867 vero
1906 3815 2163 3879 superbus
2188 3821 2248 3865 ut
2278 3814 2554 3865 Ptolemaei
2587 3813 2748 3879 Regis

1674 3893 1956 3944 amicitiam
1973 3898 2281 3957 aspernatus
2297 3893 2384 3956 sit,
2397 3899 2454 3942 et
2465 3890 2752 3956 jactaverit

1676 3970 1745 4020 de
1765 3985 1823 4020 se
1847 3987 1862 4031 3
1894 3973 1999 4021 non
2021 3976 2163 4020 esset
2197 3970 2461 4031 Porticus,
2480 3968 2582 4017 nisi
2606 3974 2748 4020 esset

1675 4048 2015 4112 Chrysippus.
2071 4047 2154 4096 Ex
2177 4044 2340 4095 effuso
2361 4045 2471 4095 risu
2486 4049 2750 4098 mortuum.

1682 4125 1918 4176 nonnulli
1939 4124 2171 4175 tradunt.
2214 4124 2370 4188 Diog.
2391 4120 2567 4173 Laert.
2589 4121 2628 4171 l.
2643 4134 2749 4174 vu

1682 4203 1795 4255 Cic.
1819 4215 1862 4253 1.
1885 4202 1953 4253 de
1971 4202 2180 4253 Natura
2201 4202 2453 4252 Deorum.

1741 4282 1811 4331 80
1843 4278 2069 4334 Iuventus
2088 4277 2163 4331 tsi
2178 4276 2359 4347 finitor
2392 4275 2577 4343 acervi]
2606 4226 2744 4328 Adu-
