3084 4934
566 393 706 493 10⁶

1334 415 1409 464 A.
1454 410 1707 463 euasit
1754 411 2022 480 nascor

582 560 658 627 Si
685 559 883 639 facia,
913 560 981 625 in
1008 578 1242 645 penem
1267 558 1592 644 quicquid
1619 557 1743 624 tibi
1773 560 1951 624 veuit
1981 577 2284 627 amarum
2309 579 2331 642 3

572 663 657 731 Si
685 665 909 748 puteal
936 664 1144 728 multa
1172 668 1411 731 cautus
1439 661 1658 729 vibice
1683 662 2017 747 flagellas=

571 877 1050 953 nonfldemltabebo?
1100 881 2202 947 simmameapouocismpmim,
2231 880 2262 911 ²
2293 879 2326 912 ⁸
2355 879 2792 931 &nummis

1570 1067 1783 1119 NOTAE

569 1195 732 1262 igitur
764 1198 947 1248 credes
986 1199 1391 1252 assentatoribus
1426 1206 1482 1251 te
1515 1215 1637 1266 pro-

569 1273 694 1325 bum
716 1289 832 1325 esse
853 1274 1241 1341 affirmantibus,
1272 1279 1476 1329 etiamsi
1498 1286 1556 1329 tu
1579 1285 1635 1328 te

568 1350 684 1415 ipse
727 1350 1021 1415 improbum
1056 1353 1108 1402 in
1145 1354 1499 1405 occasionibus
1529 1355 1633 1404 sin·

569 1429 722 1495 gulis,
755 1445 984 1494 avarum,
1014 1432 1362 1497 libidinosum,
1380 1435 1632 1500 iniquum,

566 1505 834 1557 crudelem
865 1510 1149 1573 experiris:
1197 1512 1346 1577 sique
1371 1512 1502 1562 adeo
1519 1514 1630 1564 viso

565 1595 774 1634 nummo
808 1585 1068 1649 pallescis,
1105 1602 1214 1652 pra:
1234 1588 1525 1652 eupiditate
1545 1591 1632 1639 ba-

569 1658 759 1710 bendi?

629 1740 699 1787 4⁹
730 1737 971 1802 Sipttteal
1006 1741 1158 1791 multa
1183 1747 1348 1792 cautu
1377 1742 1633 1808 os‘bicefla-

558 1815 736 1880 gellus]
809 1816 1070 1882 Ancipitis
1116 1820 1325 1885 quidem
1361 1823 1631 1872 sententiaa

565 1906 743 1943 versus
763 1894 892 1945 iste:
945 1910 1047 1961 quo
1075 1897 1119 1946 si
1151 1897 1294 1948 Nero
1320 1899 1635 1968 perstringi·

565 1976 670 2032 ων,
688 1971 1024 2036 accipiendus
1047 1981 1128 2024 est
1145 1974 1212 2024 de
1233 1976 1501 2025 nocturnis
1517 1978 1633 2041 ejiis

563 2050 874 2113 per.urbem
909 2052 1369 2105 discor-sationibus
1398 2062 1456 2106 et
1491 2070 1633 2121 gras-

563 2125 871 2191 sationibus,
908 2129 976 2179 de
1008 2130 1190 2194 quibus
1224 2131 1428 2182 abunde
1451 2134 1634 2187 Sue-to-

563 2200 678 2251 nius
714 2208 770 2252 et
802 2204 1039 2268 Tacitus,
1070 2205 1198 2256 locis
1234 2208 1391 2272 paulo
1415 2214 1536 2259 ante
1560 2210 1632 2263 ci·

559 2279 704 2331 tatis.
753 2281 825 2331 Et
845 2282 921 2331 sic
939 2296 1033 2346 per
1039 2286 1220 2348 puteal,
1236 2284 1634 2351 intelligendum

560 2355 665 2406 erit
696 2354 867 2407 forum
906 2365 963 2408 et
1003 2357 1182 2411 affines
1219 2361 1358 2412 urbis
1381 2364 1637 2428 regiones,

559 2447 658 2497 per
687 2449 814 2499 quas
835 2435 923 2485 ille
947 2451 1068 2486 cum
1090 2437 1289 2504 aliquot
1308 2440 1520 2491 armatis
1545 2456 1634 2491 va-

559 2507 832 2572 gabundus
870 2511 923 2560 in
958 2512 1138 2563 obvios
1172 2529 1403 2580 quosque
1427 2530 1630 2579 grassa-

559 2583 736 2635 batur.
796 2586 1027 2641 ,‘.-Cautus
1070 2596 1245 2647 autem
1281 2591 1547 2657 deinceps,
1576 2600 1633 2644 at

558 2661 878 2713 metuentior
899 2664 952 2714 in
976 2672 1243 2728 posterum
1267 2667 1445 2733 Nero,'
1476 2676 1535 2719 ut
1556 2670 1631 2720 ait

556 2735 789 2800 Tacitus,
840 2740 1066 2791 ‘milites
1114 2742 1211 2792 sibi
1255 2750 1312 2793 et
1354 2744 1629 2810 plerosque

556 2811 903 2875 gladiatorum
922 2817 1342 2870 circumdederat
1359 2819 1391 2869 ι’
1425 2821 1630 2875 scilicet

556 2890 680 2954 quia
711 2893 847 2951 male
878 2901 1033 2945 antea
1053 2896 1334 2947 mulctatus
1358 2895 1537 2948 fuisset
1561 2899 1626 2950 ab

552 2967 620 3018 iis
640 2982 768 3033 quos
803 2970 1157 3036 impetiverat,
1189 2980 1247 3023 et
1283 2974 1336 3023 in
1374 2975 1625 3039 ejusmodi

558 3044 686 3095 rixis
718 3048 985 3098 oculorum
1008 3058 1063 3098 et
1086 3050 1212 3101 vitoe
1237 3051 1469 3103 subierat
1493 3053 1626 3118 peri-

556 3121 748 3186 culum,
789 3128 849 3173 ut
892 3122 1058 3175 refert
1095 3126 1391 3179 Suetonius.
1469 3129 1625 3182 Quod

555 3196 600 3245 si
620 3196 835 3250 Persius
858 3197 1228 3255 foeneratorum
1252 3203 1625 3257 immanitatem

554 3273 739 3339 eas-pit,
770 3283 863 3327 aut
883 3277 1317 3344 vitilitigatorum,
1337 3283 1625 3347 sycophan-

556 3352 743 3411 tarum,
786 3357 843 3401 et
881 3352 1341 3419 quadruplatorum
1380 3358 1624 3423 iniquita-

552 3428 663 3474 tem
684 3434 740 3475 et
761 3427 1001 3492 injurias3
1047 3446 1143 3496 per
1171 3434 1350 3496 puteal,
1389 3434 1626 3500 intellige

551 3503 807 3554 Praetoris
850 3506 1130 3570 Tribunal;
1185 3525 1279 3575 per
1321 3511 1505 3563 vibices
1548 3514 1624 3565 iu-

552 3579 742 3644 flictas,
775 3581 965 3634 damna
986 3584 1279 3637 debitorum
1304 3595 1397 3640 aut
1418 3605 1623 3643 reorum

551 3655 772 3708 fortunis
816 3674 880 3710 ac
916 3661 1066 3713 bouis
1094 3664 1257 3728 illata,
1298 3681 1392 3730 per
1411 3682 1614 3732 usuras,

550 3741 642 3788 aut
677 3751 773 3801 per
793 3737 960 3788 litium
981 3741 1225 3805 ambages
1247 3749 1304 3793 et
1324 3746 1613 3809 sycophan-

549 3815 668 3879 tias,
690 3832 904 3882 quarum
925 3819 1099 3870 miseri
1119 3821 1196 3870 illi
1219 3822 1419 3873 rabulae
1441 3824 1613 3890 periti,

546 3893 766 3945 solertes
797 3902 853 3944 et
886 3896 1028 3946 cauti
1050 3903 1188 3963 sunt,
1208 3904 1268 3949 ut
1289 3899 1457 3950 aliena
1476 3901 1612 3953 bona

547 3968 931 4034 depraedentur.
986 3974 1206 4039 -Neque
1244 3990 1371 4027 vero
1416 3978 1507 4028 abs
1550 3993 1609 4030 re

547 4047 752 4098 omnino
792 4049 858 4099 de
887 4048 1161 4101 Judicibus
1193 4051 1384 4118 iniquis
1411 4052 1613 4116 judicia

548 4124 998 4188 corrumpentibus
1036 4141 1154 4177 cum
1188 4129 1496 4194 quibusdam
1528 4147 1612 4182 ac-

546 4197 731 4262 cipias.
828 4201 1061 4252 Primam
1130 4203 1612 4269 interpretationem

547 4282 726 4335 tuetur
783 4278 1150 4338 casaubonus:
1201 4282 1434 4336 ultimam
1477 4286 1612 4337 banc

1719 1197 2017 1251 Mamilius:
2071 1198 2138 1248 de
2159 1197 2577 1261 t'oeneratoribus,
2611 1210 2787 1248 omnes

1715 1275 2057 1325 communiter
2112 1282 2233 1339 post
2281 1285 2489 1326 veteres
2552 1275 2787 1337 Glossas,

1713 1366 1831 1417 quas
1853 1351 1928 1401 sic
1960 1352 2183 1403 habent:
2229 1354 2245 1382 ‘
2261 1351 2348 1402 Ad
2368 1351 2547 1417 puteal
2571 1351 2784 1401 Scribo·

1709 1426 1788 1479 nis
1818 1426 2024 1491 Licinii,
2057 1427 2196 1492 quod
2218 1434 2300 1477 est
2323 1428 2378 1477 in
2402 1429 2607 1493 porticu
2632 1428 2782 1479 Julia

1708 1505 1775 1555 ad
1784 1505 2068 1556 Fabianum
2092 1505 2642 1571 areum,foeneratores
2665 1521 2785 1558 cou-

1713 1581 1896 1632 sistere
1919 1583 2190 1635 solebant.'

1778 1662 1977 1727 Puteal]
2031 1662 2252 1728 Proprie
2294 1663 2441 1728 putei
2478 1664 2783 1728 operculum

1713 1743 1799 1789 est
1832 1740 2010 1802 puteal.
2065 1739 2237 1790 Locus
2269 1741 2445 1791 Romae
2481 1738 2584 1793 fuit
2605 1740 2660 1789 in
2685 1741 2782 1793 Co·

1714 1816 1880 1880 mitio,
1903 1818 1994 1869 ubi
2010 1817 2164 1869 Accii
2181 1819 2339 1869 Navii
2358 1818 2586 1884 Auguris
2607 1826 2783 1870 statua

1715 1908 1810 1958 per
1831 1892 2163 1960 Tarquinium
2187 1903 2384 1959 erecta,
2412 1904 2468 1947 et
2490 1895 2586 1946 sub
2607 1911 2673 1947 ea
2694 1910 2786 1947 ara

1717 1971 2072 2034 subterranea,
2085 1973 2380 2038 ibidemque
2394 1974 2664 2038 novacula,
2678 1988 2783 2039 qua

1712 2053 1885 2098 cotem
1923 2048 2012 2099 ille
2053 2049 2329 2113 inciderat,
2362 2049 2591 2102 defossa:
2643 2051 2782 2101 unde

1713 2130 1770 2173 et
1792 2131 1981 2189 puteus
2004 2125 2174 2176 dictus
2198 2127 2243 2176 is
2269 2128 2440 2189 iocus3
2492 2134 2631 2178 teste
2651 2127 2782 2186 Dio·

1712 2199 1860 2265 nysio
1900 2201 2253 2257 Halicarnass.
2300 2203 2396 2254 sub
2438 2202 2596 2255 finem
2631 2203 2782 2257 Libri

1716 2277 1878 2339 tertii,
1894 2292 2155 2343 superque
2170 2279 2469 2344 impositum
2488 2281 2672 2345 puteal
2695 2295 2784 2335 ex·

1716 2354 1882 2404 titisse
1906 2354 1979 2420 ait
2000 2355 2195 2406 Tullius
2213 2356 2306 2406 lib.
2327 2355 2393 2406 de
2410 2356 2643 2407 Divinat.
2659 2371 2779 2422 cap.

1715 2435 1797 2483 32.
1834 2432 2000 2482 Porro
2033 2432 2171 2498 quod
2206 2435 2368 2497 puteal
2407 2440 2641 2485 sumatur
2681 2448 2779 2499 pro

1711 2505 1826 2557 foro
1857 2514 1914 2558 et
1942 2509 2216 2559 Tribunali
2252 2511 2516 2575 Praetoris,
2546 2510 2778 2574 itemque

1712 2598 1809 2648 pro
1841 2584 1957 2635 loco
1992 2584 2393 2643 foeneratoribus
2427 2585 2779 2651 frequentato,

1716 2668 1942 2712 testatur
1979 2663 2165 2714 Cicero
2204 2679 2300 2728 pro
2325 2663 2522 2727 Sextio,
2552 2678 2671 2727 cap.
2696 2667 2780 2726 18.

1711 2738 1817 2800 ubi,
1861 2738 2183 2804 ‘Gabinius,'
2227 2740 2415 2805 inquit,
2454 2740 2680 2805 ‘puteali
2720 2745 2778 2791 et

1708 2811 2077 2864 foeneratorum
2106 2814 2352 2880 gregibus
2392 2814 2632 2881 inflatus,'
2672 2820 2774 2873 dcc.

1707 2891 1797 2940 ubi
1838 2891 1928 2947 alii
1960 2892 2161 2956 legunt,
2198 2893 2439 2959 Afflictas.
2506 2894 2643 2944 Item
2666 2894 2776 2958 Ho-

1706 2974 1809 3018 rat.
1847 2967 1940 3019 lib.
1986 2983 2027 3018 1.
2067 2970 2222 3034 epist.
2260 2974 2340 3021 19.
2421 2971 2643 3021 ‘Forum
2683 2986 2775 3037 pu-

1705 3046 1913 3111 tealque
1934 3045 2147 3096 Libonis
2170 3045 2424 3098 mandabo
2447 3046 2635 3098 siccis.'
2703 3049 2775 3099 Et

1704 3119 1793 3172 lib.
1824 3135 1887 3172 11.
1923 3129 2021 3173 sat.
2055 3127 2105 3173 6.
2172 3124 2422 3174 ‘Roscius
2454 3125 2639 3175 orabat
2673 3125 2773 3176 sibi

1705 3198 1906 3250 adesses
1942 3200 2008 3250 ad
2045 3203 2224 3266 puteal
2262 3202 2417 3253 cras!
2483 3203 2619 3255 Vide
2642 3204 2773 3258 Coel.

1705 3275 1873 3327 Rhod.
1912 3276 2007 3328 lib.
2032 3290 2089 3329 x.
2124 3294 2242 3343 cap.
2268 3285 2347 3330 17.
2414 3280 2593 3345 Sigon.
2622 3281 2714 3336 lib.
2731 3296 2772 3334 1.

1709 3350 1776 3402 de
1797 3352 1974 3405 Judic.
1997 3369 2113 3419 cap.
2130 3359 2212 3407 28.
2238 3357 2467 3422 Festum,
2483 3364 2539 3409 et
2558 3358 2707 3410 alios.

1778 3440 1965 3506 vibice]
2047 3443 2201 3494 vibex
2222 3450 2305 3495 est
2337 3447 2549 3512 proprie
2570 3454 2696 3498 nota
2713 3447 2769 3498 in

1704 3530 1925 3582 corpore
1955 3525 2078 3584 post
2098 3520 2317 3571 verbera
2340 3528 2399 3573 et
2435 3524 2664 3575 scuticas
2690 3538 2771 3577 re-

1703 3609 1933 3645 manens.

1764 3670 2025 3736 F’lagellas]
2062 3669 2294 3726 Similem
2307 3675 2466 3728 babet
2483 3678 2764 3744 emphasim

1691 3750 2034 3800 Tertullianus
2085 3752 2152 3802 de
2203 3752 2384 3816 pallio,
2439 3754 2528 3805 ubi
2581 3755 2763 3807 laudat

1694 3828 2038 3893 Christianos,
2082 3831 2223 3895 quod
2263 3830 2482 3882 subsellia
2522 3849 2619 3884 non
2657 3850 2766 3885 caa-

1690 3905 1912 3968 tuadant,
1962 3905 2021 3956 id
2064 3913 2167 3971 est,
2219 3922 2321 3957 non
2375 3916 2616 3973 premant
2669 3918 2762 3962 aut

1689 3980 2044 4049 frequentent,
2078 3984 2312 4050 adeoque
2334 3985 2513 4036 litibus
2534 3986 2762 4041 abstine-

1694 4066 1805 4110 ant.
1870 4060 2133 4113 Martialis
2156 4061 2247 4112 lib.
2269 4076 2333 4112 11.
2357 4063 2658 4128 epigramm.
2681 4068 2762 4115 ⁸0.

1694 4144 1751 4186 et
1782 4137 1871 4187 lib.
1908 4152 1961 4188 v.
1997 4139 2303 4205 epigramm.
2341 4145 2423 4193 1⁸.
2488 4141 2657 4195 ‘Area
2675 4140 2762 4195 fla-

1692 4214 1852 4279 gellat
1869 4215 2037 4280 opes?
2725 4246 2732 4251 ·
