3084 4934
505 557 784 641 Ponere,
815 561 976 647 quin
1002 560 1305 646 tepidum
1322 561 1459 628 hoo
1488 565 1682 645 optes
1705 559 1963 641 audire,
1998 560 2448 626 nucun'rssn‘l

593 662 728 730 Fur
754 684 847 743 eS,
879 666 973 729 ait
1001 664 1233 732 Pedio.
1278 716 1285 725 .
1324 665 1579 731 Pedius
1608 665 1772 750 quid
1790 668 1821 730 ‘l
1875 666 2149 732 crimina
2172 665 2346 730 rasis

508 765 744 831 Librat
770 769 840 832 in
867 769 1236 836 antithetis:
1284 770 1523 835 doctas
1548 771 1857 854 posuisse
1885 770 2129 853 figuras

499 867 884 938 Laudatur:
936 872 1183 938 bellum
1209 875 1374 939 hoc:
1424 874 1553 939 hoc
1581 874 1871 938 bellum?
1915 893 2023 953 an,
2059 862 2369 951 Romule,
2393 869 2640 959 ceres?
2710 941 2714 945 ,

499 989 759 1053 periculum
779 1006 810 1040 a
828 991 985 1054 capite
1000 992 1124 1054 aba,
1139 993 1233 1042 imo
1250 995 1413 1057 ειφὶυ
1429 992 1945 1056 αυεουῑτωιίήςὶἀωα
1965 992 2085 1042 iuna
2100 991 2334 1054 verbum,
2349 984 2715 1040 muenia-tn?

503 1053 681 1103 Praedo
709 1070 776 1117 es,
808 1056 962 1119 inquit
984 1059 1134 1107 Pedio
1155 1066 1442 1110 accusator.
1508 1059 1693 1123 Ecquid
1713 1058 1896 1109 Pedius
1932 1058 2252 1122 respondet?
2321 1054 2715 1106 can-inarim-

505 1120 728 1182 expendit
764 1121 817 1169 in
858 1123 1172 1173 antithesibus
1215 1123 1396 1187 politis.
1463 1125 1674 1175 Eruditu
1715 1122 1981 1174 adhibuisse
2018 1123 2274 1181 schemata,
2321 1121 2451 1171 laudi
2492 1120 2711 1170 vertitur.

504 1183 768 1235 maram
786 1186 920 1236 ειιιια.
985 1188 1134 1252 mua,
1151 1188 1245 1253 ais,
1259 1190 1508 1254 putemus
1527 1192 1647 1240 ωε
1678 1189 1924 1254 Nau-pu
1943 1190 2148 1254 tna-pita·
2162 1188 2391 1251 meaa,
2415 1201 2446 1237 o
2463 1181 2714 1238 um?

1269 414 1342 464 A.
1390 412 1639 464 PERSH
1685 413 1955 463 ntAccl

2601 653 2710 730 ’ὦ

1429 1300 1545 1319 ΝΟΟ
1550 1299 1786 1320 “stou“

504 1344 698 1415 center?
729 1349 970 1412 placebat
992 1350 1167 1414 legere
1188 1353 1439 1417 trepidum,
1479 1352 1617 1417 quod
1654 1350 1870 1402 verbum
1894 1357 1975 1402 est
1998 1350 2205 1402 Horatii
2240 1356 2296 1407 et
2328 1347 2532 1400 Persii:
2569 1360 2714 1411 pror-

502 1426 594 1465 σου
632 1412 710 1462 ita
740 1413 935 1464 dietum
961 1417 1209 1480 superius.
1243 1419 1459 1480 ingentes
1478 1418 1720 1482 trepidare
1762 1417 1920 1467 Titos:
1956 1417 2044 1483 qui
2077 1418 2221 1467 iocus
2256 1415 2411 1465 valde
2442 1410 2716 1465 confirmat

498 1483 732 1527 nostram
773 1480 1200 1532 emendationem.
1266 1482 1444 1548 Atque
1478 1484 1611 1533 hanc
1653 1483 1933 1534 lectionem
1979 1483 2268 1535 invenimus
2307 1485 2611 1533 annotatam
2657 1476 2711 1527 in

506 1556 612 1592 nno
651 1556 829 1594 corum
867 1552 1103 1596 veterum
1127 1547 1382 1610 codicum,
1430 1563 1559 1612 quos
1594 1563 1626 1597 a
1657 1549 1944 1598 clarissimo
1966 1547 2258 1612 Bongarsio
2281 1546 2494 1610 accepi:
2533 1557 2715 1593 verum

504 1614 685 1658 umen
707 1615 763 1659 et
801 1610 935 1660 liber
970 1612 1076 1676 ille,
1113 1620 1168 1663 et
1191 1621 1382 1663 ceterae
1406 1628 1582 1663 omnes
1608 1614 1940 1675 membranae,
1978 1614 2163 1679 quibus
2186 1613 2266 1662 usi
2289 1626 2481 1672 sumus,
2503 1621 2718 1660 consen·

503 1673 647 1723 tiunt
667 1688 787 1724 cum
808 1677 1057 1741 vulgatis:
1081 1678 1289 1728 videtur
1308 1679 1466 1728 etiam
1485 1678 1728 1729 Sidonius
1765 1678 2087 1743 Apollinaris
2110 1679 2248 1728 hunc
2272 1678 2441 1727 iocum
2467 1675 2716 1733 imitatus,

503 1744 565 1788 ut
609 1754 752 1804 saepe
784 1741 932 1803 alios,
971 1758 1089 1793 cum
1135 1744 1324 1794 scribit
1363 1745 1416 1793 in
1461 1744 1698 1809 Epistola
1734 1745 1799 1793 ad
1838 1745 2084 1794 Faustum
2126 1745 2162 1795 1.
2202 1756 2284 1795 ιι.
2316 1743 2332 1768 ‘
2360 1742 2612 1793 Quaenam
2633 1744 2719 1789 est

507 1803 748 1870 cuiquam
787 1808 992 1870 peritiae
1032 1811 1208 1858 cervix
1252 1815 1420 1871 tanta,
1456 1811 1612 1875 quive
1653 1809 1905 1874 hydrops,
1948 1816 2010 1859 ut
2043 1809 2202 1858 etiam
2237 1807 2399 1872 tepida
2420 1811 2597 1856 vestra
2618 1818 2719 1853 non

505 1866 898 1923 ferventissimis
918 1872 1154 1924 laudibus
1180 1881 1526 1940 persequatur
1545 1874 1582 1924 ?’
1646 1877 1913 1925 Vocantur
1945 1880 2119 1924 autem
2140 1874 2304 1938 tepida
2340 1871 2551 1922 Sidonio
2573 1869 2721 1919 dicta

504 1935 805 2003 mediocria,
827 1953 923 1988 nec
946 1940 1125 2003 primae
1149 1953 1317 2002 notae3
1365 1940 1443 1990 ita
1477 1940 1562 1990 hic
1604 1940 1722 2004 capi
1756 1956 1817 1989 ea
1860 1954 1965 1989 vox
2000 1945 2209 2004 potest:
2246 1943 2304 1987 ut
2322 1935 2389 1987 sit
2412 1937 2576 1986 audire
2591 1934 2719 2003 ¹tepi-

502 2002 619 2051 dum
660 2003 876 2053 decenter
915 2004 1049 2054 velle
1089 2005 1286 2055 landari
1320 2006 1407 2055 vel
1450 2005 1657 2055 modica
1697 2005 2009 2056 laudatione.
2082 2006 2269 2068 Tepere,
2280 2002 2491 2066 fervere,
2509 2001 2720 2062 frigere,

506 2062 821 2141 frigefacere
839 2069 913 2118 sie
937 2084 1076 2134 saepe
1095 2076 1428 2135 usurpantur.
1478 2069 1744 2120 casaubon.
1789 2070 2046 2136 Equidem
2069 2069 2242 2119 malim
2256 2068 2494 2131 trepidum
2507 2066 2680 2129 legere
2701 2079 2717 2125 ς

506 2138 585 2180 ita
624 2138 683 2181 ut
717 2135 955 2197 trepidum
1001 2137 1219 2186 decenter
1276 2136 1537 2201 significet
1572 2135 1980 2187 acclamationes
2029 2135 2290 2184 hominum
2330 2130 2722 2200 trepidantium,

507 2197 819 2263 patronique
860 2200 1165 2263 orationem,
1213 2201 1281 2251 ad
1323 2216 1438 2251 suas
1472 2216 1622 2251 aures
1661 2200 2021 2265 compositam,
2046 2215 2228 2263 parum
2252 2198 2582 2248 continenter
2602 2209 2721 2245 cum

507 2261 711 2312 laetitias
730 2264 1104 2328 significatione
1125 2267 1513 2332 excipientium.
1582 2267 1987 2330 Κωφῆνι-85
2024 2266 2204 2315 Malim
2230 2266 2408 2314 doctus.
2432 2259 2722 2322 Juvenalis,

504 2326 527 2355 ‘
548 2326 736 2380 dectus
791 2336 1029 2394 spectare
1068 2332 1314 2383 lacunar!
1373 2333 1719 2383 Cmubon.—
1740 2337 1802 2382 87
1853 2331 2023 2381 bellum
2062 2332 2166 2394 hoc,
2208 2330 2293 2379 Ιιοο
2335 2324 2541 2381 bellam?
2582 2325 2724 2378 Edit.

1499 2421 1722 2474 NOTAE

572 2502 637 2548 84
673 2498 800 2554 Quin
822 2500 1052 2565 tepidum]
1110 2503 1281 2553 Etiam
1313 2518 1429 2554 cum
1452 2519 1572 2554 reus

508 2574 694 2640 capitis
716 2577 951 2641 periculo
981 2579 1279 2629 liberandus
1313 2578 1572 2630 oratione-

508 2667 609 2718 que
646 2642 816 2704 solida'
842 2653 1214 2720 defendendus,
1248 2663 1429 2721 captas
1466 2659 1574 2707 lau-

508 2724 628 2783 dem
651 2746 682 2780 e
704 2730 844 2782 futili
865 2733 1141 2785 verborum
1158 2735 1396 2798 aucupio,
1417 2750 1574 2800 quam

506 2809 681 2875 potins
716 2825 841 2861 vera
884 2812 1179 2879 eloquentia
1218 2828 1452 2879 quaerere
1486 2812 1576 2862 de-

496 2884 679 2936 berea.

570 2968 634 3015 85
669 2964 845 3030 Pedio]
893 2967 1089 3020 Pedius
1130 2969 1317 3021 Blesns
1355 2969 1448 3018 sub
1471 2969 1576 3018 Ne-

506 3056 676 3093 ronea
693 3043 1074 3107 Cyrenensibus
1096 3053 1371 3097 accusatus
1387 3051 1470 3096 est
1484 3061 1572 3095 ex·

504 3120 695 3186 pilasse
722 3118 972 3188 templum
1015 3124 1312 3188 AEsculapii.
1361 3124 1571 3174 Cornel-

500 3192 680 3252 'Tacit.
701 3199 891 3252 Annal.
914 3202 949 3252 1.
969 3217 1083 3253 xlv.
1117 3203 1492 3269 damnatusque
1516 3209 1574 3257 et

504 3277 702 3330 Senatu
744 3286 917 3329 motus
963 3286 1061 3330 est.
1118 3281 1343 3331 Ponitur
1363 3281 1447 3330 hic
1476 3295 1571 3345 pro

506 3355 740 3421 quolibet
778 3356 1002 3408 Romani
1041 3359 1141 3409 fori
1163 3366 1370 3411 oratore
1392 3364 1448 3409 et
1480 3374 1571 3425 pa-

505 3440 677 3484 trono.

570 3511 749 3561 Pedius
767 3511 906 3576 quid]
962 3512 1028 3562 Id
1063 3518 1159 3574 est,
1200 3511 1325 3578 quid
1361 3525 1572 3577 respon-

505 3586 615 3654 det,
638 3604 741 3654 qua
762 3593 963 3640 ratione
984 3596 1219 3641 removet
1249 3590 1452 3641 illatum
1473 3589 1574 3640 sibi

504 3666 762 3730 sacrilegii
785 3666 1011 3717 crimen?

570 3741 743 3807 Rusio]
772 3742 841 3792 Id
877 3749 977 3807 est,
1001 3743 1176 3808 politis
1200 3749 1256 3794 et
1277 3744 1576 3795 elaboratis.

422 3810 428 3816 ’
507 3819 731 3871 Quintil.
754 3834 831 3870 rx.
853 3825 902 3870 3.
928 3822 981 3870 in
1003 3822 1118 3885 ipso
1135 3820 1256 3872 fine.
1290 3822 1306 3848 ‘
1323 3822 1427 3872 Ubi
1451 3838 1576 3874 vero

507 3897 804 3961 atrocitate,
843 3897 1056 3962 invidia,
1095 3898 1426 3949 miseratione
1450 3915 1576 3966 pug-

503 3974 731 4025 nandum
760 3979 857 4040 est,
885 3975 999 4041 quis
1023 3974 1162 4026 ferat
1184 3976 1575 4041 contrapositis,

426 4096 445 4105 2
504 4057 563 4102 et
583 4051 780 4116 pariter
798 4052 1122 4117 cadentibus,
1135 4058 1190 4102 et
1200 4053 1575 4117 consimilibuS,

503 4130 838 4194 irascentem,
857 4127 1091 4192 flentem,
1112 4132 1412 4194 rogantem?
1440 4131 1575 4182 Cum

503 4207 557 4259 in
579 4205 659 4255 his
682 4221 809 4256 cura
830 4207 1104 4258 verborum
1136 4207 1353 4272 deroget
1381 4205 1577 4258 affecti-

507 4278 600 4340 bus
618 4282 774 4336 fidem
795 4300 811 4346 3
833 4291 890 4334 et
908 4276 1218 4350 ubicumque
1241 4300 1323 4335 ars
1351 4292 1575 4338 ostenta-

506 4367 613 4426 tur,
632 4363 833 4415 veritas
855 4362 1036 4417 abesse
1061 4363 1336 4418 videatur!

1717 2507 1785 2553 86
1816 2501 2008 2566 Librut]
2040 2501 2268 2552 ’velutin
2292 2498 2552 2550 contraria
2571 2497 2723 2547 lance

1652 2580 1873 2644 opponit
1911 2576 2357 2629 criminationibus
2388 2586 2492 2624 non
2535 2573 2728 2635 valida,

1623 2663 1712 2707 ‘nt
1732 2661 2014 2722 oporteret,
2054 2665 2379 2721 argumenta,
2420 2650 2512 2703 sed
2557 2662 2725 2700 meras

1654 2734 1931 2785 verborum
1976 2733 2338 2784 exornationes
2394 2738 2450 2781 et
2493 2729 2723 2805 figuras?

1654 2810 1992 2876 periodorum
2049 2808 2321 2861 affectatos
2372 2823 2613 2858 numeros
2670 2808 2725 2857 et

1655 2887 1804 2953 quasi
1850 2901 2128 2952 appensos,
2178 2885 2599 2947 homoeoteleuta,
2638 2883 2728 2933 ho-

1653 2972 1960 3030 moeoptota‚
1983 2964 2203 3027 Isocola,
2227 2967 2328 3013 ὅτε.
2351 2961 2575 3012 fortasse
2609 2961 2729 3027 quia

1654 3044 1757 3095 scit
1790 3044 1883 3094 hos
1906 3042 2146 3097 flosculos
2191 3058 2252 3093 ac
2298 3042 2565 3106 rhythmos
2591 3039 2728 3106 apud

1650 3122 1919 3173 Neronem
1950 3121 2143 3184 valere,
2185 3120 2265 3169 his
2308 3133 2362 3169 se
2395 3124 2588 3169 tuetur.
2656 3117 2726 3167 D.

1649 3198 1954 3264 Hieronym.
2016 3198 2187 3263 Epist.
2221 3195 2287 3246 ad
2323 3194 2728 3245 Pammachium.

1651 3275 1668 3305 ‘
1701 3276 1824 3326 Non
1848 3276 2010 3341 pudet
2044 3275 2367 3326 Christianos
2400 3280 2455 3324 et
2475 3272 2728 3324 Sacerdo-

1652 3359 1734 3404 tes
1762 3354 1880 3418 Dei,
1911 3351 2057 3418 quasi
2077 3353 2143 3402 de
2164 3351 2317 3401 rebus
2351 3350 2568 3401 ludicris
2604 3363 2724 3415 aga·

1647 3424 1760 3494 tur,
1782 3429 1954 3480 verbis
1971 3429 2139 3479 dubiis
2160 3430 2377 3487 haerere,
2390 3434 2445 3478 et
2460 3426 2724 3491 ambiguas

1651 3506 1847 3557 librare
1867 3506 2168 3573 sententias,
2183 3504 2368 3572 quibus
2383 3507 2602 3573 loquens
2625 3518 2728 3554 ma-

1655 3583 1735 3650 gis
1757 3599 1912 3650 quam
1938 3584 2153 3634 audiens
2168 3583 2469 3648 decipitur?

1718 3662 2011 3729 Antithetis]
2075 3664 2278 3725 Latine,
2326 3660 2730 3726 contrapositum,

1657 3741 1853 3807 Figura
1877 3747 1961 3791 est
1983 3755 2080 3807 per
2114 3755 2268 3805 quam
2309 3739 2574 3799 contraria
2608 3751 2731 3787 con-

1657 3819 1826 3870 trariis
1866 3817 2237 3884 respondentia
2270 3816 2324 3866 in
2366 3816 2600 3866 oratione
2637 3828 2731 3879 po·

1654 3905 1868 3947 nuntnr.

1719 3975 1927 4040 Doctae]
1994 3976 2204 4041 Legunt
2255 3972 2361 4033 alii,
2419 3972 2621 4035 Doctus,
2673 3969 2728 4020 id

1653 4058 1753 4116 est,
1790 4052 1992 4118 peritus
2035 4059 2089 4102 et
2118 4066 2308 4118 gnarus
2343 4049 2622 4101 adhibendi
2657 4056 2731 4099 ta·

1653 4132 1733 4181 les
1757 4129 1950 4196 figuras
1996 4144 2027 4179 a
2063 4129 2260 4194 Gorgia
2299 4129 2530 4178 Rhetore
2550 4126 2730 4176 inven-

1657 4213 1754 4257 taS.
2327 4238 2338 4251 s

1720 4287 1784 4333 87
1817 4284 2009 4334 Bellum
2040 4282 2149 4347 hoc]
2199 4281 2452 4349 Inquiunt
2489 4280 2609 4332 vani
2652 4276 2730 4335 illi

1653 4359 1963 4428 scriptores,
1978 4361 2064 4414 vel
2078 4360 2397 4412 adulatores.
