3084 4934
1282 400 1568 453 SA'rlRA
1621 402 1678 455 ἶ.

378 549 524 637 Scit
550 549 776 614 risisse
803 550 1009 629 vafer,
1038 550 1311 616 multum
1346 551 1630 635 gaudere
1656 558 1959 636 paratuS‚

376 653 451 720 Si
482 653 740 738 Cynico
769 655 1045 719 barbam
1073 655 1381 738 petulans
1409 656 1685 721 nonaria
1712 656 1931 722 vellat.

376 757 511 822 His
540 777 730 821 mane
759 756 1072 837 edictum,
1101 763 1258 842 post
1287 759 1570 843 prandia
1597 759 1967 825 Callirhoen
1999 758 2107 823 do.

370 990 465 1040 per
485 974 658 1025 tabella
678 983 930 1039 exaratas,
949 982 999 1041 et
1018 978 1166 1026 lineas
1188 976 1587 1028 Geometrarum
1612 976 1905 1042 descriptas
1940 977 1992 1027 in
2023 991 2167 1027 arena
2185 978 2364 1025 sulcata
2378 992 2394 1025 .-
2445 981 2588 1026 cete·

370 1054 480 1089 rum
500 1041 726 1104 proclivis
760 1050 840 1091 est
860 1045 923 1091 ud
945 1044 1201 1092 loetnndum
1230 1044 1381 1105 valde,
1415 1044 1461 1101 si
1497 1044 1705 1107 quaudo
1738 1041 1971 1092 meretrix
2000 1043 2175 1091 lasciva
2193 1041 2383 1091 barbam
2405 1042 2586 1091 vellicet

372 1104 565 1170 Cynico.
610 1107 729 1156 Istis
748 1110 977 1158 matutino
996 1112 1204 1172 tempore
1225 1109 1482 1173 decretum,
1494 1112 1605 1172 post
1621 1109 1877 1172 prandium
1900 1121 2025 1157 vero
2050 1107 2320 1158 Callirhoen
2337 1108 2551 1157 concedo.

1367 1238 1588 1290 NOTAE

433 1342 531 1389 132
557 1339 763 1389 usuum
779 1341 992 1401 gaudere
1005 1339 1233 1403 paratus]
1283 1339 1348 1390 In
1372 1353 1434 1389 eo

366 1422 569 1466 tantum
606 1431 767 1466 navus
801 1423 860 1467 et
899 1415 1063 1481 vafer,
1096 1425 1157 1469 ut
1195 1418 1436 1468 derideat

367 1493 689 1544 eruditorum
712 1494 872 1543 serias
895 1495 1294 1558 occupationes:
1329 1495 1437 1559 qni-

368 1586 467 1635 que
491 1570 704 1636 gaudet,
725 1571 1067 1635 Philosophus
1088 1571 1317 1623 ludibrio
1348 1573 1435 1622 ha·

365 1646 497 1698 beri.

430 1728 528 1774 133
565 1723 768 1789 Cynico]
834 1725 942 1775 Pro
969 1725 1290 1790 quibuslibet
1315 1724 1436 1775 Phi-

363 1801 590 1867 losophia
645 1803 875 1853 nominat
926 1803 1149 1867 Cynicos
1203 1802 1432 1854 Persius».

364 1879 538 1929 Porro
560 1885 706 1930 secta
728 1879 819 1929 illa
838 1879 993 1930 valde
1027 1887 1143 1930 erat
1164 1880 1342 1930 odiosa
1366 1879 1431 1929 ob

360 1956 783 2019 mordacitatem,
804 1957 871 2007 ob
896 1973 1048 2021 quam
1082 1958 1265 2023 Cynici
1299 1958 1431 2008 ‹licti

362 2041 485 2085 sunt
510 2034 602 2085 illi.
638 2034 876 2084 Laiirtius
901 2035 966 2084 de
989 2035 1230 2098 Diogene
1252 2034 1433 2097 refert,

363 2110 503 2175 quod
527 2111 880 2175 interrogatus
911 2124 1071 2176 quare
1092 2111 1234 2161 canis
1257 2111 1433 2175 appel-

361 2182 582 2251 laretur,
625 2187 922 2251 respondit:
977 2188 1089 2251 quia
1132 2189 1185 2237 in
1228 2202 1308 2237 eos
1348 2188 1433 2252 qui

354 2265 880 2327 ‹immundior-sam,-
910 2266 962 2314 in
985 2267 1434 2330 eosquinondant,

356 2342 574 2400 oblati-03
607 2342 753 2392 malos
770 2346 931 2391 auem
951 2344 1156 2392 mordeo.
1222 2341 1332 2392 Alii
1363 2342 1431 2392 ab

352 2417 712 2469 „obscoenitate
752 2418 978 2482 Cynicos
1021 2420 1205 2470 volunt
1242 2434 1431 2470 nomen

356 2496 623 2548 habuisse.
689 2496 825 2547 Vide
847 2497 1025 2551 Latin.
1050 2498 1085 2548 1.
1109 2512 1182 2550 vx.

422 2572 667 2638 Barbam]
724 2572 896 2635 Atrox
919 2581 1033 2626 erat
1054 2574 1247 2640 injuria
1267 2580 1324 2626 et
1352 2575 1431 2624 lu·

359 2651 588 2702 dibrium
628 2650 846 2702 barbam
886 2653 1078 2702 vellere
1116 2653 1275 2704 alicui
1315 2659 1428 2704 tau-

360 2744 516 2796 quam
536 2727 682 2780 fatuo
705 2728 941 2779 nimirum
965 2736 1020 2780 et
1037 2729 1242 2780 stolido.
1290 2730 1427 2783 Hor.

361 2808 471 2861 Sat.
497 2820 534 2857 1.
557 2811 606 2856 8.
647 2806 746 2855 sub
768 2805 940 2857 finem.
1006 2807 1174 2858 Porro
1196 2806 1428 2857 Philoso-

356 2885 446 2949 phi
469 2884 682 2935 barbam
716 2885 1020 2948 promissam
1054 2885 1194 2934 alere
1218 2883 1427 2936 affecta-

360 2963 489 3011 bant
503 2952 527 3012 ε’
553 2961 776 3027 hincque
797 2960 1085 3026 sapientem
1109 2960 1319 3011 barbam
1341 2975 1428 3011 vo-

359 3048 444 3091 cat
470 3039 738 3090 Horatius.
804 3039 943 3089 Vide
967 3037 1103 3088 infra
1123 3039 1234 3088 Sat.
1259 3053 1331 3090 ιν.
1359 3042 1404 3089 l.

431 3116 611 3182 Vellet]
681 3116 750 3166 Ut
782 3115 904 3167 Lais
940 3115 1188 3182 Diogeni,
1212 3115 1299 3180 qui
1322 3124 1427 3164 me-

360 3195 606 3245 retricem
634 3195 790 3263 ‘hanc
847 3193 1056 3252 amavit,
1102 3200 1159 3242 ut
1204 3198 1429 3243 testatur

359 3272 558 3324 Athen.
579 3274 617 3322 l.
642 3285 770 3322 xm.
938 3334 949 3345 .

425 3349 669 3413 Nonaria]
737 3348 992 3399 Meretrix
1008 3347 1289 3413 juvenibus
1311 3362 1428 3413 per-

359 3428 575 3490 niciosa,
602 3439 659 3478 ut
683 3425 890 3492 qnidam
911 3426 1109 3487 volunt,
1131 3424 1208 3475 sic
1231 3425 1376 3476 dicta
1396 3441 1429 3475 a

349 3505 551 3565 Nouia,
588 3519 703 3569 quae
728 3504 866 3553 inter
885 3502 1138 3554 infaustos
1174 3501 1287 3553 dies
1308 3516 1428 3553 cen·

359 3582 644 3635 sebantur:
683 3580 919 3633 Macrob.
960 3582 995 3632 l.
1041 3596 1079 3632 1.
1122 3581 1203 3631 vel
1238 3580 1431 3647 potius,

1515 1354 1630 1406 quoe
1655 1343 1857 1403 prostat
1879 1338 1944 1388 ab
1965 1339 2098 1389 bora
2117 1353 2271 1402 nona,
2290 1343 2345 1388 et
2369 1353 2398 1388 a
2433 1351 2586 1402 pran-

1514 1415 1626 1479 dio,
1662 1431 1777 1465 eum
1806 1416 1917 1480 jam
1954 1417 2175 1481 negotiis
2207 1416 2439 1466 homines
2463 1422 2584 1466 sunt

1513 1493 1683 1543 minus
1703 1494 1963 1559 occupati.

1583 1574 1681 1620 134
1715 1569 1837 1634 His]
1900 1570 2111 1621 Talibus
2153 1570 2442 1620 homiuibus
2489 1570 2581 1620 im-

1514 1647 1702 1710 peritis
1742 1654 1798 1698 et
1837 1647 2044 1712 ineptis,
2066 1649 2252 1697 artium
2291 1647 2581 1699 liberalium

1513 1738 1577 1772 ac
1619 1723 1957 1774 scientiarum
1994 1724 2350 1789 incapacibus,
2391 1723 2580 1774 mando

1513 1807 1569 1850 et
1607 1801 1851 1865 indulgeo
1886 1802 2255 1865 occupationes
2294 1802 2481 1866 dignas
2503 1815 2581 1865 se,

1512 1893 1701 1942 nempe
1724 1886 1980 1944 quaestum
2003 1883 2061 1928 et
2080 1880 2393 1943 voluptates.

1577 1955 1725 2005 Mane
1766 1956 1993 2020 edictum]
2058 1956 2247 2006 Forum
2291 1971 2447 2006 mane
2489 1971 2582 2021 pe-

1508 2037 1650 2096 tant,
1674 2033 1763 2084 ubi
1803 2034 2053 2084 Praetoris
2091 2032 2268 2082 edicta
2298 2033 2584 2097 excipiant,

1508 2118 1702 2163 vacent
1723 2112 1955 2162 avaritiae
1977 2118 2033 2162 et
2049 2110 2236 2162 foenori
2258 2110 2536 2175 exigendo.

1577 2187 1701 2237 Post
1734 2188 1966 2252 prandia]
2048 2188 2178 2238 Post
2215 2186 2385 2237 forum
2430 2202 2583 2252 prau-

1510 2266 1704 2315 deant:
1739 2280 1802 2316 ac
1826 2266 2016 2316 deinde
2042 2281 2139 2330 per
2158 2266 2299 2315 diem
2321 2266 2579 2332 reliquum

1508 2342 1814 2408 indulgeant
1850 2343 2129 2408 voluptati.
2194 2344 2273 2392 Ea
2313 2347 2393 2393 est
2434 2342 2577 2406 plebi

1511 2421 1765 2486 imperitae
1783 2420 2174 2472 accommodata
2195 2418 2401 2470 vivendi
2427 2418 2577 2469 ratio.

1576 2498 1869 2562 Callirhoen]
1951 2498 2051 2548 Vel
2092 2504 2321 2549 scortum
2361 2495 2575 2561 aliquod

1507 2574 1792 2627 famosum:
1828 2576 1913 2626 vel
1947 2576 2184 2626 scenicos
2222 2573 2390 2637 ludos,
2410 2581 2467 2624 et
2503 2573 2578 2624 fa·-

1508 2652 1687 2703 hulam
1746 2652 1814 2702 de
1857 2651 2114 2702 Callirhoe
2159 2657 2287 2702 tuuc
2330 2651 2579 2715 temporis

1508 2730 1744 2781 exhiberi
1768 2730 2008 2792 solitam3
2039 2731 2126 2780 vel
2163 2729 2481 2780 natationem
2521 2735 2582 2780 et

1507 2807 1984 2859 deambulationem
2005 2807 2072 2858 ad
2094 2805 2297 2857 fontem
2317 2807 2467 2856 istius
2486 2821 2577 2856 no-

1506 2885 1661 2936 minis
1699 2885 1754 2936 in
1796 2883 1995 2935 Attica.
2063 2883 2352 2934 Contendit
2390 2882 2581 2934 Marci-

1505 2963 1606 3013 lius
1648 2961 1978 3012 referendum
2021 2976 2136 3012 esse
2182 2959 2250 3010 ad
2297 2959 2578 3024 Neronem,

1507 3041 1597 3107 qui
1619 3041 1879 3106 popellum
1903 3040 2078 3091 edicto
2116 3046 2346 3102 vocaret,
2379 3045 2435 3089 et
2458 3052 2577 3088 can-

1506 3126 1738 3169 taturum
1783 3134 1840 3170 se
1884 3118 2176 3168 Callirhoen
2211 3117 2573 3182 promitteret:

1507 3204 1569 3248 ut
1590 3196 1660 3246 sit
1683 3195 1856 3247 Persii
1877 3210 2084 3249 sensus:
2123 3196 2258 3244 tales
2296 3209 2393 3258 ego
2432 3193 2576 3243 andi·

1506 3279 1649 3323 tores
1687 3272 1803 3323 hinc
1849 3289 1880 3323 a
1917 3272 2041 3321 meis
2081 3271 2262 3321 Satiris
2297 3271 2483 3335 ablego
2503 3270 2574 3321 ad

1506 3349 1769 3400 audienda
1815 3338 2038 3400 Neronis
2089 3348 2269 3413 inepta
2322 3347 2574 3398 carmina:

1506 3443 1754 3493 suamque
1776 3429 2050 3492 Interpres
2081 3427 2168 3477 ille
2200 3424 2355 3475 fulcit
2376 3424 2576 3489 opinio·

1507 3520 1627 3555 nem
1647 3519 1714 3553 ex
1745 3520 1811 3554 eo
1832 3503 1972 3569 quod
1999 3504 2266 3554 Neronem
2287 3502 2340 3550 iu
2363 3501 2460 3551 hac
2480 3501 2574 3551 Sa·
2607 3516 2616 3523 ’

1509 3582 1614 3632 tira
1634 3582 1847 3633 Persius
1869 3581 2130 3646 praecipue
2153 3584 2378 3646 spectet.
