3084 4934
1114 408 1123 417 '
1164 406 1175 413 '
1223 402 1524 462 sA‘rl'RA·
1550 411 1662 463 111.

434 562 576 628 Hic
608 560 852 646 aliquis
882 558 964 625 de
992 563 1180 644 gente
1204 560 1471 625 hircosa
1499 557 1958 624 centurionum

349 665 576 746 Dicat,
607 663 807 745 Quod
839 665 1002 730 satis
1031 669 1154 742 est,
1185 664 1376 748 sapio
1400 662 1591 727 mihi:
1637 681 1765 726 non
1790 679 1916 745 ego
1944 677 2108 724 curo

345 767 538 849 Esse,
569 768 746 853 quod
776 767 1116 833 Arcesilas
1143 767 1632 850 aerumnosique
1659 764 1988 841 Solones,

346 868 631 955 Obstipo
663 871 909 954 capite,
939 872 1007 934 et
1033 868 1301 950 figentes
1328 866 1572 931 lumine
1598 873 1861 945 terram,

2389 902 2394 906 -
2457 862 2546 927 80

347 971 693 1038 Murmura
721 993 872 1037 cum
899 988 1125 1036 secum
1151 975 1222 1035 et
1244 970 1511 1036 rabiosa
1538 970 1796 1035 silentia
1822 968 2085 1047 rodunt,

338 1107 475 1184 prior
494 1123 646 1158 ’πωπω
678 1122 769 1157 non
790 1107 942 1156 adhuc
964 1111 1204 1157 consumta
1225 1107 1289 1157 sit
1310 1106 1360 1155 in
1382 1121 1505 1156 vase.
1577 1106 1690 1156 Illic
1728 1106 1920 1170 qsidam
1952 1107 2010 1155 de
2044 1103 2194 1168 stirpe
2214 1103 2399 1153 hirsuta
2424 1105 2545 1154 Cen-

342 1172 576 1221 tau-ionum
597 1173 914 1236 respondebit:
948 1172 1019 1222 Su

1104 1173 1394 1222 tmihimea
1417 1172 1685 1236 sapientia3
1716 1186 1802 1221 nec
1833 1186 1858 1219 e
1855 1170 2096 1233 golaboro
2132 1184 2229 1218 esse
2263 1168 2399 1218 idem
2428 1169 2548 1232 qaod

345 1235 558 1286 fuerunt
594 1237 848 1298 Arcesilas,
870 1241 917 1286 et
954 1237 1018 1286 So
1037 1253 1145 1287 ones
1181 1238 1438 1287 calamitosi
1468 1237 1645 1286 cervice
1664 1236 1874 1298 incurva,
1855 1185 1943 1284 Ed
1979 1235 2199 1284 habentes
2234 1234 2387 1283 oculos
2415 1233 2548 1283 hami

346 1301 540 1368 defixos,
559 1304 741 1366 quando
761 1303 888 1368 apud
908 1317 958 1352 se
980 1303 1109 1352 intra
1129 1304 1291 1353 dentes
1311 1307 1500 1353 versant
1523 1316 1737 1352 susurros
1768 1307 1817 1352 et
1852 1301 2226 1351 taciturnitatem
2245 1299 2549 1363 rabidam,et

1273 1416 1450 1435 OOOOO

1454 1415 1628 1435 ‘ml‘

1119 1501 1185 1549 8⁰
1223 1497 1401 1549 lamina
1418 1502 1563 1549 terroe
1583 1498 1687 1549 Ms.
1712 1499 1774 1549 R.

1342 1615 1555 1666 NOTAE

349 1702 524 1766 priora
546 1698 857 1752 defecerint.

415 1777 564 1842 Orco]
626 1779 735 1828 Vas
768 1785 988 1844 angusto
1028 1781 1182 1845 collo,
1214 1781 1273 1837 in,
1304 1797 1405 1846 quo

349 1855 525 1919 reponi
551 1861 772 1904 mustum
805 1856 1023 1907 solebat.
1090 1857 1317 1908 Sumitur
1350 1865 1408 1909 et

352 1946 447 1995 pro
485 1932 718 1996 quolibet
756 1932 860 1983 alio
900 1949 1038 1996 vase,
1069 1948 1133 1984 eo
1166 1936 1409 1999 maxime,

350 2009 403 2060 in
426 2025 529 2075 quo
552 2011 859 2061 salsamenta
881 2018 936 2062 et
956 2014 1124 2077 pisces
1148 2013 1283 2063 saliti
1307 2028 1410 2062 ser·

347 2085 620 2136 vabantur.
685 2087 889 2138 Graecis
931 2088 1072 2154 ὕρχη.
1138 2090 1412 2155 Quaprop-

350 2168 432 2214 ter
475 2170 531 2214 et
569 2163 754 2214 Latine
788 2165 1043 2230 scriptum
1081 2165 1220 2230 olim,
1253 2166 1413 2232 orcha,

351 2241 585 2293 nonnulli
603 2239 878 2293 affirmant.

413 2322 480 2369 ⁷7
535 2319 639 2370 Hic
692 2319 883 2384 aliquis,
935 2317 1044 2382 ξω]
1132 2319 1416 2386 Prolepsis‚

355 2410 457 2461 qua
473 2393 683 2445 Persius
701 2394 947 2458 exprimit
969 2396 1179 2460 egregie
1201 2411 1414 2460 pravam

357 2472 668 2537 opinionem,
711 2478 765 2522 et
808 2471 1107 2537 frequentes
1154 2489 1413 2524 sermones

357 2550 702 2601 Romanorum
761 2551 1076 2623 quorundam
1121 2551 1293 2601 studia
1336 2566 1414 2602 sa-

354 2627 567 2690 pientiae
613 2627 1016 2693 aspernantium,
1053 2644 1182 2694 quos
1225 2629 1413 2680 deinde

348 2702 569 2755 refutat.

420 2779 653 2845 Hir-cosa]
718 2782 925 2846 Legunt
955 2782 1060 2846 alii,
1079 2782 1278 2846 hir-tosa,
1300 2797 1417 2847 pro,

353 2857 511 2921 hirta,
536 2860 616 2907 vel
638 2859 860 2922 hirsuta,
881 2865 942 2909 nt
977 2860 1051 2908 sic
1086 2859 1421 2925 designentur

357 2934 558 2986 robusti
593 2936 846 2987 viri.toto
884 2950 1103 3000 corpore
1143 2937 1327 2986 hirsuti
1364 2942 1421 2987 et

356 3014 524 3078 pilosi.
614 3012 689 3065 At
743 3013 1071 3064 nihilominus
1125 3014 1422 3064 indicantur

355 3106 451 3155 per
470 3106 676 3153 vocem,
704 3091 914 3149 hir-cosm
954 3091 1146 3156 quippe
1172 3091 1263 3156 qui
1296 3092 1425 3141 mul·

359 3174 466 3217 tum
502 3168 761 3230 laborant,
801 3175 857 3217 et
901 3182 1016 3218 raro
1055 3175 1226 3218 vestes
1264 3168 1422 3232 depo·

356 3252 505 3308 nunt,
522 3245 559 3296 ii
584 3248 727 3297 velut
746 3245 918 3295 hircus
941 3245 1103 3310 olent,
1135 3245 1423 3309 praesertim

361 3324 458 3373 sub
504 3323 617 3386 alis,
663 3324 789 3372 item
839 3323 1041 3374 barbati
1092 3328 1245 3375 sunt:
1302 3337 1422 3388 quoe

358 3400 530 3449 omnia
586 3399 820 3449 militiam
878 3399 1241 3464 profitentibus
1283 3412 1325 3450 st
1359 3415 1424 3466 pe

357 3478 684 3542 contingunt.
752 3477 841 3528 Ita
877 3478 1424 3544 gravioreslnterpre-

357 3562 437 3604 tes
457 3555 640 3620 legunt
659 3561 714 3605 et
740 3554 1024 3620 explicant.

423 3635 489 3681 ⁷8
525 3632 665 3688 Quod
683 3634 800 3682 satis
830 3639 922 3695 est,
944 3632 1095 3698 sapio,
1116 3632 1224 3697 θα]
1288 3631 1423 3682 Amo

361 3709 708 3760 Romanorum
727 3710 934 3759 vivendi
952 3724 1165 3773 morem,
1181 3711 1421 3776 huncque

360 3784 645 3849 peregrinae
670 3786 935 3849 sapientiae
955 3784 1193 3850 praefero.

426 3861 539 3912 Non
562 3878 647 3924 ego
668 3878 777 3912 curo
795 3863 918 3926 esse]
1000 3862 1173 3913 Nolim
1193 3877 1289 3952 ego
1313 3867 1422 3912 tan·

360 3946 468 3988 tum
496 3953 700 4002 sapere,
731 3945 786 3988 et
808 3954 890 3989 me
912 3939 1132 4005 fatigare
1154 3939 1223 3988 in
1257 3940 1423 3990 inves-

362 4017 578 4081 tiganda
618 4017 889 4081 sapientia,
933 4024 992 4068 ut
1031 4019 1231 4068 Gra‘ci:
1270 4019 1425 4070 nolim

362 4093 696 4144 Academiam
719 4095 1029 4157 instaurare,
1051 4101 1110 4146 ut
1133 4094 1422 4157 Arcesilas3

364 4185 460 4221 nec
483 4170 745 4222 civitatem
771 4172 970 4237 legibus
992 4174 1193 4224 munire
1228 4180 1284 4223 et
1307 4188 1426 4223 con·

369 4246 608 4310 stituere,
628 4254 688 4298 ut
708 4248 882 4299 Solon.

429 4332 495 4380 w
531 4328 787 4393 Arcesilan]
855 4330 1131 4381 Crantoris·
1149 4329 1432 4394 discipulus

1485 1704 1739 1770 fnisse,et
1773 1704 2111 1756 Academiam
2145 1702 2436 1754 celebrasse
2473 1701 2550 1752 di·

1485 1782 1638 1846 citur,
1657 1790 1714 1832 et
1750 1788 1933 1831 contra
1965 1781 2251 1843 Zenonem,
2287 1779 2351 1830 de
2389 1780 2549 1829 omni·

1487 1858 1584 1909 bus
1630 1859 1972 1909 dubitandum
2024 1857 2321 1909 affirmasse.
2408 1857 2551 1907 Hinc

1487 1937 1719 1987 nonnulli
1737 1935 2025 1986 Arcesilam
2046 1936 2131 1985 hic
2171 1951 2279 1999 prae
2318 1933 2429 1984 aliis
2461 1948 2552 1983 no-

1489 2014 1694 2079 minari,
1745 2020 1801 2063 et
1854 2013 2017 2063 tacite
2066 2012 2293 2062 vellicari
2334 2012 2478 2060 aiunt
2522 2025 2554 2060 a

1490 2091 1694 2154 Persio,
1716 2090 1804 2156 qui
1825 2090 2016 2142 Stoicae
2041 2095 2155 2139 erat
2191 2093 2349 2138 sectae
2380 2087 2557 2139 addic-

1494 2175 1595 2219 tus.
1628 2168 1766 2217 Tull.
1789 2168 1843 2216 in
1866 2168 2065 2220 Quaest.
2090 2165 2256 2216 Acad.
2288 2165 2305 2193 ‘
2322 2165 2554 2216 Philoso-

1496 2246 1630 2310 phiae
1684 2259 1892 2295 eversor
1916 2242 1950 2293 :'
2015 2243 2309 2306 Lactantio,
2360 2255 2448 2291 ιιι.
2505 2247 2556 2292 6.

1494 2323 1510 2350 ‘
1530 2321 1846 2386 Ignorantioe
1886 2320 2130 2385 magister
2165 2318 2439 2369 Arcesilas’
2470 2332 2558 2368 vo-

1495 2406 1669 2461 catnr3
1704 2413 1828 2449 sane
1869 2397 1987 2463 quia
2030 2397 2153 2448 nihil
2191 2396 2395 2447 omnino
2434 2393 2559 2446 sciri

1497 2473 1803 2527 affirmabat.

1557 2554 1917 2619 AEramnosiqne
1970 2552 2186 2613 Solones]
2281 2550 2560 2616 Sapientes

1493 2637 1649 2681 vocat
1694 2645 2027 2694 aerumnosos,
2066 2630 2187 2695 qnia
2221 2628 2423 2679 nonnisi
2462 2642 2560 2692 per

1496 2706 1686 2757 multos
1723 2707 1929 2758 labores
1972 2706 2254 2772 acquiritur
2288 2704 2562 2770 sapientia.

1497 2783 1668 2834 Porro
1690 2784 1846 2834 Solon
1868 2799 1999 2834 unus
2019 2788 2132 2832 erat
2147 2798 2175 2832 e
2195 2788 2393 2845 septem
2415 2781 2564 2831 Grae-

1500 2861 1595 2911 ciae
1618 2861 1956 2925 sapientibus,
1995 2867 2051 2910 et
2079 2858 2470 2910 Atheniensium
2495 2858 2566 2907 le-

1501 2938 1741 3000 gislator:
1800 2937 1865 2986 de
1919 2952 2020 3002 quo
2075 2936 2191 2986 fuse
2235 2935 2563 2998 Plutarchus,

1502 3014 1765 3076 Laertius,
1785 3021 1842 3064 et
1861 3014 1967 3064 alii.

1569 3094 1633 3140 80
1670 3090 1866 3155 Obstipo
1888 3089 2060 3156 capite,
2090 3096 2138 3140 et
2162 3089 2374 3155 figentes
2395 3087 2567 3139 turnino

1503 3168 1705 3232 terram]
1773 3168 1906 3218 Haec
1929 3168 2074 3232 signa
2097 3174 2218 3217 suut
2237 3164 2456 3215 hominis
2479 3177 2565 3215 co·

1505 3245 1796 3310 gitabundh
1832 3250 1888 3295 et
1928 3242 2187 3309 profunda
2218 3244 2439 3309 quadam
2465 3256 2570 3293 me·

1505 3322 1757 3373 ditatione
1784 3320 1959 3372 defixi.

1576 3399 1804 3462 Figentes
1823 3399 1997 3448 himine
2019 3397 2222 3461 terram]
2254 3396 2571 3462 Hypallage,

1508 3491 1626 3542 pro,
1647 3475 1931 3540 defigentes
1965 3481 2119 3525 terrae
2143 3475 2350 3524 lumina.
2417 3473 2569 3526 Quod

1506 3551 1681 3603 facere
1721 3567 1752 3601 a
1790 3550 2097 3615 Paedagogis
2132 3550 2475 3614 jubebantur,
2514 3556 2571 3599 ut
2657 3577 2661 3582 ι

1502 3629 1773 3680 modestiae
1791 3629 1940 3677 simul
1958 3635 2011 3677 et
2030 3626 2357 3677 meditationi
2376 3641 2573 3676 assues·

1502 3715 1682 3763 cereut
1709 3707 1926 3758 studiosi
1941 3707 2185 3771 juvenes.

1568 3790 1626 3834 81
1657 3783 1864 3833 Rabiosa
1884 3782 2073 3832 silentia
2094 3781 2286 3845 rodunt]
2318 3782 2562 3833 Fortasse

1502 3863 1626 3928 qnia
1673 3861 1837 3911 rabidi
1882 3877 2035 3911 canes
2076 3875 2177 3910 non
2218 3862 2443 3910 latrant:
2481 3862 2562 3912 vel

1507 3940 1682 4004 potius
1721 3939 1855 4004 qnia,
1901 3944 1960 3987 ut
2005 3937 2164 3986 habet
2205 3936 2581 4002 Quintilianus,

1510 4028 1569 4066 x.
1594 4019 1644 4066 3.
1678 4015 1753 4063 1111
1786 4015 1873 4078 qui
1898 4020 2099 4063 attente
2135 4012 2397 4077 quidpiam
2441 4013 2580 4079 cogi·

1506 4099 1643 4155 tant,
1682 4106 1823 4155 saepe
1868 4091 2024 4140 etiam
2067 4104 2242 4138 secum
2282 4089 2578 4139 obmurmu-

1507 4170 1671 4218 rando
1714 4167 2082 4233 cogitationem
2125 4166 2342 4230 agitant.
2415 4166 2569 4217 Unde

1511 4247 1553 4297 si
1578 4245 1692 4311 quis
1717 4245 1782 4294 de
1822 4242 1973 4308 plebe
1997 4258 2086 4293 eos
2112 4250 2221 4293 tum
2260 4245 2557 4309 contemple

1512 4330 1619 4387 tur,
1640 4321 1854 4375 furiosos
1880 4320 2039 4372 veluti
2066 4319 2350 4370 existimet.
