3084 4934
523 574 642 610 cuni
665 550 849 622 mulus,
886 566 941 609 et
979 559 1167 610 stultus
1204 557 1290 623 sis,
1314 556 1398 608 vel
1419 559 1472 609 in
1493 557 1589 608 mi·

523 635 675 687 nimis
708 636 989 685 seeundum
1029 635 1279 685 rationem
1316 634 1604 684 vixeris-

524 712 736 777 εἰσίτω]
772 713 831 761 ld
857 719 959 774 est,
995 712 1057 762 In
1082 714 1234 762 rebus
1257 712 1463 762 caeterls
1487 726 1593 760 om-

524 790 695 840 nibus.
763 791 981 840 Locutio
1002 790 1209 840 Gra-ca.
1254 790 1389 839 Nam
1414 788 1592 839 Graeci

521 867 647 918 κατὰ
667 868 1078 924 subintelligunt.
1169 868 1233 918 Id
1266 874 1367 930 est,
1404 866 1592 922 Quoad

524 945 1000 1010 caetera.-‚-Fo³⁸0r]
1035 947 1200 995 Homo
1223 947 1464 1010 agrestis,
1488 957 1593 993 ser-

523 1038 637 1085 vus,
659 1022 948 1086 imperitus,
969 1023 1149 1074 idiota.
1221 1024 1367 1071 Idm.

589 1103 686 1150 123
727 1100 862 1162 Tres,
882 1101 988 1166 ξω]
1032 1101 1120 1151 lta
1148 1099 1293 1160 dicit,
1313 1106 1374 1149 ut
1395 1099 1594 1162 exigui·

526 1185 688 1228 tatem
709 1178 781 1227 rei
807 1180 1085 1242 exprimat.
1136 1177 1200 1235 ld
1223 1186 1324 1241 est,
1347 1178 1470 1227 Non
1504 1176 1595 1226 ob-

524 1255 735 1318 tinebis,
761 1257 929 1321 utqui
963 1258 1166 1322 reliqua
1203 1263 1318 1307 tota
1351 1257 1462 1307 vita
1501 1270 1597 1321 pro

524 1333 803 1397 insipiente
828 1349 889 1384 ac
911 1335 1073 1384 stulto
1097 1342 1151 1384 te
1175 1350 1354 1400 geras:
1407 1335 1458 1384 in
1481 1336 1597 1399 qui-

525 1408 745 1459 busdam
800 1417 976 1459 tamen
1042 1411 1335 1461 actionibus
1391 1411 1600 1476 sapiens

525 1485 1067 1550 dicaris.—Numeros]
1104 1488 1191 1538 lta
1213 1488 1361 1551 dicit,
1384 1488 1519 1553 quod
1544 1489 1598 1537 in

525 1560 820 1626 hujusmodi
867 1564 1229 1613 saltationibus
1275 1571 1396 1615 sunt
1436 1558 1598 1615 certae

524 1637 721 1702 pedum
756 1639 1451 1704 dimensioneS.—Mooeure,
1494 1638 1601 1707 ξω]

529 1714 800 1780 Bathyllus
846 1718 1190 1782 pantomimus
1237 1717 1357 1777 fuit,
1403 1721 1599 1768 Maece-

528 1792 663 1842 natis
686 1791 921 1843 libertus.
984 1795 1089 1846 Vet.
1113 1794 1599 1861 Sch.—Satyri,&c.]

528 1867 650 1919 Fuit
669 1868 946 1934 Bathyllus
970 1871 1309 1921 Chii-onomus
1335 1873 1599 1922 Pantomi-

527 1952 657 2009 muS,
679 1952 734 1997 et
753 1950 971 1998 saltator
1008 1950 1406 2013 gesticulatione
1429 1958 1600 2013 utens,

528 2028 584 2073 et
624 2021 728 2073 fuit
754 2017 1072 2075 ¹Maecenatis
1111 2027 1345 2090 libertus,
1375 2043 1528 2093 quem
1569 2041 1601 2077 a

530 2097 717 2164 Satyra
738 2101 1033 2165 saltatione,
1051 2109 1106 2153 et
1124 2105 1316 2168 pedum
1339 2105 1599 2167 agilitate,

504 2191 646 2226 *cum
670 2178 889 2230 eximius
928 2181 1151 2230 saltator
1185 2188 1339 2245 esset,
1359 2181 1599 2247 Satyrum

528 2261 718 2317 vocat3
753 2271 855 2305 non
886 2257 975 2322 qui
1014 2259 1172 2308 saltat
1206 2259 1469 2323 Satyrum,
1506 2258 1600 2308 sed

529 2330 616 2396 qui
651 2345 755 2382 non
794 2334 962 2383 minus
1005 2334 1139 2384 bene
1182 2350 1331 2402 quam
1386 2337 1602 2401 Satyrus

530 2406 717 2472 aliquis
769 2408 942 2461 saltat.
1012 2411 1444 2475 (Iambe-Tres,
1496 2414 1605 2479 &cuj

530 2484 637 2536 Ubi
658 2486 899 2551 Satyrum
920 2489 1218 2554 Bathyllum
1240 2495 1398 2540 vocat
1421 2496 1603 2554 panto·

530 2561 740 2612 mimum
766 2560 1087 2630 Bathyllum.
1157 2567 1238 2616 lta
1263 2581 1440 2616 omnes
1470 2567 1604 2617 anti·

484 2659 503 2675 ³
534 2640 624 2705 qui
644 2639 837 2691 libriin
872 2659 933 2693 eo
970 2659 1122 2693 versu
1157 2646 1362 2709 legunt:
1401 2649 1457 2694 at
1481 2644 1604 2694 doc·

532 2718 717 2768 tissimi
752 2719 847 2771 viri
879 2727 1095 2772 saturum
1118 2721 1191 2772 ibi
1213 2723 1426 2773 malunt.
1494 2720 1603 2773 δάϊ-

532 2790 722 2846 masiae.

596 2876 695 2922 124
727 2873 878 2924 Liber
901 2873 1043 2939 ego]-
1036 2873 1244 2926 ·Altera
1269 2878 1454 2928 Damae
1491 2890 1606 2941 pro-

531 2950 713 3014 lepsis,
752 2953 840 3017 qui
879 2954 1033 3003 nullis
1073 2953 1245 3003 Persii
1286 2953 1605 3018 argumentis

533 3021 807 3092 edomitus,
828 3028 1048 3080 liberum
1076 3037 1248 3081 lamen
1271 3047 1327 3080 se
1346 3044 1460 3080 esse
1483 3045 1602 3079 con-

533 3104 788 3158 tendit.—
724 3107 950 3172 —Unde,
971 3108 1077 3173 &·t.-‚J
1126 3110 1320 3162 Quaeso
1345 3102 1479 3159 uude
1504 3109 1605 3159 hoc

534 3181 631 3233 tibi
655 3183 810 3233 sumis
827 3191 883 3235 et
901 3200 1139 3250 usurpas,
1157 3185 1293 3250 quod
1314 3195 1367 3236 te
1383 3186 1605 3235 liberum

535 3259 696 3323 dicas,
719 3275 839 3311 cum
873 3268 955 3311 tot
978 3262 1149 3326 rebus,
1186 3270 1267 3317 tot
1298 3262 1608 3327 imperiosis·

534 3337 674 3388 simis
713 3338 931 3389 dominis
966 3340 1203 3391 subditus
1242 3348 1298 3391 et
1334 3340 1606 3406 subjectus

538 3413 640 3463 sis?
672 3412 846 3464 laabin.

601 3495 694 3542 125
728 3493 830 3556 Aa,
855 3493 960 3560 ξω]
993 3491 1076 3543 An
1103 3500 1159 3543 tu
1185 3494 1313 3544 adeo
1337 3493 1529 3546 bardus
1553 3499 1608 3545 et

538 3568 776 3633 stupidus
833 3586 907 3634 es,
971 3577 1030 3620 ut
1093 3572 1355 3621 existimes
1408 3574 1607 3624 nullum

535 3645 689 3696 alium
711 3661 825 3697 esse
863 3647 1144 3710 domiuum,
1178 3648 1278 3697 nisi
1315 3665 1348 3698 a
1371 3663 1473 3714 quo
1497 3649 1609 3699 vin-

535 3723 681 3774 dicta
705 3728 947 3788 praetoris
968 3732 1023 3776 te
1040 3725 1610 3793 liberati—Dominum]

536 3800 711 3852 Alium
733 3804 1128 3869 scilicet,quam
1167 3805 1415 3870 corporis.
1484 3806 1609 3856 cor-

537 3881 678 3943 poris
724 3881 917 3931 domini
960 3891 1080 3932 sunt
1120 3884 1381 3933 homiues·
1435 3884 1613 3945 animi,

534 3955 720 4008 vitium
776 3964 832 4007 et
886 3957 1019 4008 affe«
1023 3965 1124 4011 tus
1130 3959 1446 4019 -Vindicea,
1499 3959 1610 4026 qm]

538 4034 698 4100 Cujus
739 4035 1057 4086 dominatum
1097 4037 1262 4101 virga,
1284 4037 1423 4089 servi
1445 4047 1610 4102 caput

540 4121 777 4178 tangens,
799 4113 1051 4165 dissolvit.
1118 4115 1268 4166 Ideni.

605 4193 703 4241 126
739 4186 790 4254 t,
823 4190 965 4254 puer]
992 4190 1184 4241 Sensus
1223 4198 1329 4243 est:
1367 4191 1476 4243 Ubi
1511 4206 1613 4258 ego

538 4268 624 4317 vel
645 4267 772 4318 alius
785 4267 1056 4335 quisquam
1079 4268 1313 4321 dominus
1333 4269 1615 4335 imperiosa

540 4355 668 4395 voce
691 4343 1010 4410 pronuncio:
1060 4344 1109 4410 1,
1127 4359 1279 4410 puer,
1300 4349 1356 4397 et
1378 4345 1613 4413 strigiles

1235 413 1452 461 No'rAE
1502 409 1906 460 VARmRUM
1957 408 2036 458 IN

1663 553 1818 607 defer
1837 552 1903 606 ad
1919 553 2108 605 balnea
2130 553 2373 620 Crispini}
2444 556 2625 605 censu
2649 556 2739 605 ad.

1665 633 1765 682 huc
1820 632 2084 696 nugator?
2149 631 2281 680 Tale
2340 631 2628 694 servitium,
2661 634 2742 683 ‘ef

1665 710 1910 758 mandata
1952 708 2221 769 minantia,
2259 716 2317 758 te
2349 723 2452 758 non
2478 710 2738 774 territant,

1666 795 1872 851 urgent,
1898 793 1951 836 et
1974 787 2251 850 impellunt
2263 785 2603 850 ?-Strigiles]
2626 786 2740 838 niis

1665 864 1719 914 in
1761 864 1952 915 balneis
1991 866 2291 915 utebantur.
2359 866 2525 915 Erant
2560 873 2738 916 autem

1666 942 1978 1001 velamenta,
2001 942 2188 1007 quibus
2217 941 2372 992 sudor
2405 941 2741 1008 abstergeba-

1668 1019 2079 1084 tur.'-—Crispi’ni]
2114 1018 2217 1071 Hic
2243 1021 2512 1086 Crispinus
2542 1021 2739 1070 ordinis

1667 1097 1927 1146 Senatorii
1955 1097 2072 1161 fuit,
2106 1104 2161 1147 et
2193 1098 2411 1148 Claudio
2450 1099 2742 1163 imperante

1667 1172 1943 1236 praefectus
1976 1173 2206 1238 praetorii
2228 1173 2344 1236 fuit,
2380 1174 2741 1231 consularibus

1667 1249 1954 1313 insignibus
1976 1250 2216 1313 donatus..
2275 1250 2451 1303 Lubin.

1736 1332 1830 1377 127
1865 1326 2070 1392 Side]
2109 1328 2754 1383 Dominusnimimm-ali-z·

1669 1405 1801 1469 quis,
1822 1405 1910 1454 ubi
1930 1406 2045 1454 haec
2069 1405 2349 1469 imperiosa
2372 1421 2502 1456 voce
2532 1406 2746 1457 dixerit:

1668 1479 2003 1531 -Servitiam
2037 1483 2169 1547 acre]
2219 1482 2464 1547 Corporis
2489 1497 2561 1533 sc.
2595 1489 2652 1532 et
2674 1482 2747 1533 ci·

1667 1559 1790 1609 vile.
1859 1559 2012 1609 Idem.

1739 1641 1835 1688 128
1890 1639 1972 1699 Te,
2007 1638 2112 1703 &cd
2142 1634 2394 1702 Βῖρωνεκός
2432 1637 2546 1688 liaec
2568 1637 2754 1691 dicum

1675 1720 1779 1775 tur,
1822 1722 1878 1764 ct
1921 1715 2031 1766 siue
2079 1716 2495 1781 interrogatione
2537 1718 2749 1769 omnino

1672 1789 1911 1854 legenda.
1980 1791 2377 1857 Casaub.-—Nec,
2400 1792 2508 1857 ξω]
2558 1793 2626 1844 Id
2649 1801 2752 1855 cst.

1674 1867 1833 1919 Nulla
1854 1867 2170 1934 extrinseca,
2200 1878 2291 1919 aut
2312 1879 2535 1919 externa
2554 1871 2749 1921 violen-

1674 1946 1773 2009 tia,
1796 1953 1854 1997 ut
1873 1947 2098 1997 verbera
2128 1955 2222 1998 aut
2241 1946 2425 2013 flagra,
2448 1956 2504 1998 te
2525 1948 2760 2013 invadit,*

1674 2030 1733 2074 et
1774 2038 1957 2074 nervos
1999 2039 2061 2075 ac
2107 2025 2339 2076 membra
2383 2028 2617 2091 corporis
2671 2027 2760 2078 tui‘

1674 2108 1898 2152 externo
1923 2102 2107 2152 dolore
2130 2102 2327 2154 adficit.
2393 2103 2569 2154 Lubin.

1742 2185 1837 2231 129
1871 2180 1989 2245 Sed,
2008 2184 2119 2247 aa]
2155 2182 2508 2247 Antapodosis
2531 2182 2759 2233 dissimic

1674 2257 1926 2309 litudinis.
1992 2260 2184 2310 Sensus
2225 2270 2337 2310 est:
2372 2260 2478 2311 Sed
2518 2260 2756 2326 quamvis

1676 2337 1818 2386 nullo
1839 2336 2073 2400 corporis
2111 2337 2580 2387 servitio'externo
2617 2334 2758 2387 deti-²

1675 2412 1865 2474 neatis,
1907 2419 2094 2462 tamen·
2121 2413 2165 2462 si
2200 2412 2342 2462 intus
2377 2421 2432 2463 et
2466 2414 2519 2462 in
2550 2412 2753 2476 jecore,

1677 2499 1896 2554 pectore
1930 2497 1986 2539 et
2023 2490 2194 2540 animo
2234 2496 2345 2553 tuo,
2378 2489 2466 2539 alii
2506 2484 2755 2554 imperio-'⁵

1676 2566 1862 2617 nissimi
1899 2566 2092 2616 domini
2117 2567 2212 2617 tibi
2233 2575 2538 2628 nascuntur,
2557 2572 2616 2615 et
2635 2578 2754 2616 con·

1676 2644 1828 2695 trarii
1865 2644 2105 2694 adfectus
2142 2652 2197 2695 te
2237 2646 2292 2694 in
2314 2646 2514 2711 quaevis
2553 2643 2796 2710 flagitiu-

1678 2721 1899 2785 agitant,
1920 2736 2115 2786 quaeso,
2137 2736 2238 2786 qua
2256 2720 2429 2771 fronte
2453 2721 2672 2770 liberum
2696 2727 2760 2772 te

1679 2799 1911 2862 appellas
1928 2798 2077 2847 e-In
2100 2797 2287 2863 jecore]
2337 2799 2401 2848 In
2438 2813 2539 2863 quo
2574 2799 2754 2848 sedem

1679 2873 1978 2926 adfectuum
2055 2874 2459 2925 arbitrabantur.
2484 2903 2550 2911 —
2574 2873 2758 2938 Εἶτα]

1678 2953 1861 3002 Multis
1883 2952 2022 3002 vitiis
2056 2960 2112 3002 et
2133 2953 2289 3003 animi
2309 2952 2499 3003 morbis
2522 2951 2752 3004 adfecto.

1683 3031 1835 3080 Idem.

1746 3112 1843 3158 130
1881 3109 2172 3170 Nascantur,
2191 3105 2299 3170 ξω]
2346 3104 2610 3156 Adfectus
2648 3122 2733 3156 om

1681 3185 1822 3234 nium
1864 3185 2172 3248 gravissimi,
2227 3191 2282 3234 et
2325 3183 2755 3248 imperiosissimi,

1679 3271 1737 3313 et
1759 3260 2235 3326 saevissimi.-Qui‚
2252 3258 2364 3324 Sym]
2398 3260 2464 3310 Id
2489 3268 2590 3323 est,
2612 3262 2755 3313 Quo-

1679 3340 1836 3390 modo
1859 3346 1917 3390 tu
1938 3353 2040 3388 non
2066 3339 2180 3404 pari
2217 3338 2433 3388 servitio
2471 3337 2757 3401 premeris?

1679 3419 1897 3484 —EaeisJ
1928 3416 2057 3467 Aliis
2078 3417 2164 3466 vel
2187 3415 2399 3465 evadis.
2436 3415 2511 3465 sic
2534 3414 2754 3465 dicimus

1680 3494 1870 3559 impune
1889 3494 2042 3544 abire.
2107 3492 2278 3542 Idem.

1750 3576 1843 3621 131
1879 3573 2036 3637 Atque
2067 3568 2169 3633 liic]
2200 3571 2387 3619 Servus
2418 3568 2643 3630 scilicet,
2666 3534 2755 3634 qui

1684 3662 1901 3712 corpore
1959 3647 2225 3696 servitium
2267 3645 2428 3695 servit
2432 3641 2599 3696 .-'Ad
2641 3645 2758 3695 seri-

1678 3724 1828 3788 giles]
1859 3722 1946 3775 Ad
1970 3723 2157 3774 balnea
2194 3721 2523 3787 deferendos,
2558 3727 2616 3772 et
2653 3722 2758 3776 aiis

1684 3802 1867 3853 herilia
1884 3802 2105 3867 imperia
2119 3797 2757 3867 exsequenda—Sennea]

1686 3879 1992 3943 Flagellum.
2056 3877 2208 3927 Idem.

1752 3958 1849 4006 132
1876 3956 2040 4015 Mane,
2055 3951 2162 4018 ξω]
2184 3952 2393 4004 inducit
2403 3952 2755 4017 jam-Damam

1687 4040 1930 4098 tauquam
1974 4033 2198 4096 pigrum,
2229 4030 2295 4080 ab
2330 4028 2574 4080 Avaritia
2618 4028 2756 4079 exci-

1686 4111 1808 4174 tari,
1845 4115 1904 4161 et
1935 4105 2460 4177 objurgatis-Piger]
2508 4107 2584 4156 Ut
2606 4110 2757 4157 notet

1685 4203 1806 4240 eum
1816 4188 1978 4239 etiam
1992 4180 2222 4252 pigritiae
2234 4183 2505 4235 inservire.
2507 4180 2757 4246 *Sargd

1684 4269 1867 4321 Verba
1903 4266 2160 4323 Avaritiae
2196 4278 2292 4330 per
2326 4261 2756 4327 Prosopopoeiam

1684 4347 1913 4401 Damam
1946 4343 2013 4398 ad
2037 4348 2293 4413 quaestum
2326 4336 2622 4394 faciendum
2666 4351 2756 4396 ex·
