3084 4934
496 368 586 435 18
942 414 950 421 -
1280 382 1379 432 ns
1424 379 1674 431 ranan
1724 380 1927 444 vm,

498 552 631 623 que
658 539 957 605 locorum
973 537 1223 604 ratione
1246 556 1291 604 a
1319 530 1391 604 se
1410 537 1602 625 longe
1621 537 1872 605 diversi
1892 537 1964 602 in
1981 536 2214 603 eadem
2246 555 2430 621 saepe
2461 526 2705 603 incide·

496 642 647 719 rint,
677 636 958 725 parique
1003 640 1203 706 modo
1230 640 1470 707 iisdem
1501 641 1698 706 rebus
1750 640 1993 720 affecti,
2039 639 2311 707 easdem
2362 639 2707 723 imagines,

498 743 826 812 dictiones
854 750 922 811 et
972 745 1178 809 verba
1240 743 1681 823 adhibuerint,
1731 744 2096 829 praesertim
2141 745 2220 809 si
2255 762 2340 810 ea
2380 732 2715 827 ejusmodi

500 847 665 926 sint,
683 853 759 914 ut
784 866 919 913 non
945 864 1173 913 recens
1220 866 1394 913 cusa
1422 847 1544 912 sed
1574 846 2047 913 consuetudine
2072 847 2391 915 sermonis
2425 845 2574 943 jam
2610 862 2711 913 re·

502 957 707 1035 cepta
735 955 803 1017 et
844 953 913 1017 in
939 950 1163 1016 medio
1188 952 1413 1036 posita
1439 950 1651 1016 fuisse
1679 948 2062 1015 videantur:

589 1054 866 1136 Verum,
898 1055 1147 1141 inquis,
1174 1056 1304 1120 iste
1328 1052 1538 1139 poeta
1564 1060 1702 1120 tam
1727 1054 1920 1138 longe
1961 1054 2051 1119 ab
2080 1074 2185 1134 eo,
2216 1074 2415 1138 quem
2443 1057 2712 1119 secutus

502 1157 743 1238 fuerat,
805 1158 1097 1237 relictus,
1159 1157 1232 1220 in
1279 1176 1413 1240 quo
1470 1161 1574 1223 tot
1634 1162 1947 1241 tantaque
2016 1156 2498 1235 desiderantur,
2555 1174 2714 1221 uum

502 1259 745 1343 dignus
768 1266 895 1340 est,
925 1261 1043 1345 qui
1076 1260 1330 1344 legatur
1345 1260 1376 1324 ‘i
1468 1258 1728 1344 Utique
1770 1258 2011 1343 dignus
2054 1267 2181 1339 est,
2211 1264 2281 1325 et
2306 1260 2717 1345 voluptatem

502 1362 653 1447 ejus
678 1365 880 1430 lectio
909 1360 1369 1449 suppeditabit
1392 1367 1462 1428 et
1492 1364 1868 1429 utilitatem.
1957 1362 2126 1428 Sunt
2147 1364 2321 1428 enim
2347 1364 2503 1429 loca
2531 1376 2740 1447 (μω--

504 1468 660 1533 dam
708 1468 777 1532 in
820 1468 957 1533 illis
1008 1467 1225 1532 satiris
1275 1468 1441 1532 satis
1489 1467 1657 1531 bene
1699 1467 2018 1547 tractata3
2088 1465 2333 1531 incidet
2385 1467 2592 1532 lector
2645 1468 2719 1531 in

508 1570 831 1655 imagines
853 1576 921 1636 et
946 1571 1407 1636 similitudines
1433 1588 1650 1637 novas
1677 1575 1744 1636 et
1769 1590 1901 1636 non
1939 1570 2238 1655 ineptas;
2282 1570 2720 1655 deprehendet

506 1692 728 1738 mores
772 1679 841 1739 et
884 1674 1149 1756 ingenia
1192 1673 1528 1739 hominum
1585 1679 1896 1739 accurate
1942 1673 2303 1757 delineata3
2361 1675 2720 1739 movebunt

498 1775 652 1860 ejus
680 1778 973 1842 animum
1000 1777 1340 1842 sententiae
1379 1776 1667 1841 illustres
1711 1780 1778 1841 et
1819 1793 2100 1860 graves3
2143 1776 2569 1843 ostendrmtur
2608 1777 2719 1842 hio
2831 1800 2844 1813 ·

503 1887 571 1948 et
601 1880 739 1946 illic
781 1881 1024 1964 ingenii
1050 1878 1342 1960 igniculi,
1380 1879 1495 1964 qui
1521 1878 1923 1947 desiderium
1966 1880 2407 1946 adolescentis
2432 1899 2719 1965 praema—

505 1989 655 2051 tura
681 1990 895 2050 morte
916 1984 1124 2069 erepti
1151 1984 1566 2048 excitabunt.
1652 1983 1946 2070 Ipseque
1991 1985 2259 2050 virtutis
2295 2003 2485 2048 amor
2510 1985 2725 2068 pieta·

506 2089 730 2173 tisque
780 2107 1039 2166 sensuS‚
1111 2088 1231 2170 qui
1276 2087 1523 2171 ubique
1582 2088 1967 2168 ostenditur,
2015 2084 2277 2166 efficiet,
2348 2092 2424 2151 ut
2488 2094 2722 2153 auctor

505 2192 702 2259 nobis
747 2192 1086 2278 probetur,
1125 2191 1391 2256 etiamsi
1434 2191 1752 2257 facultate
1803 2192 2076 2276 poetica
2118 2192 2339 2259 minus
2382 2190 2581 2255 fuerit
2622 2192 2724 2255 in-

502 2300 819 2360 structus.
907 2292 1014 2357 Ac
1046 2312 1198 2359 cum
1246 2292 1538 2376 Virgilio
1583 2296 1757 2360 lecto
1781 2314 1909 2361 nec
1937 2295 2282 2359 Lucanam
2309 2313 2437 2358 nec
2479 2293 2728 2358 Silium

506 2416 630 2463 nec
658 2397 945 2462 Statium
974 2396 1416 2475 fastidiamus,
1447 2417 1564 2462 cur
1594 2397 1899 2462 Persium
1942 2397 2350 2480 negligamus
2376 2396 2729 2463 Venusina

514 2498 719 2566 Musa
746 2499 1090 2582 delectati3
1121 2500 1262 2585 qui,
1291 2521 1440 2566 meo
1470 2500 1739 2585 quidem
1765 2520 1988 2581 sensu,
2005 2501 2316 2566 lectorem
2340 2502 2426 2566 ab
2454 2500 2728 2566 Horatii

506 2606 787 2672 lectione
828 2611 1156 2672 recentem
1202 2607 1418 2690 magis
1462 2604 1846 2684 delectabit,
1899 2622 2103 2689 quam
2155 2603 2411 2670 Statius
2459 2605 2726 2689 placere

511 2710 755 2795 possit,
801 2728 953 2775 cum
995 2709 1281 2794 Virgilio
1328 2709 1644 2794 deposito
1697 2709 1927 2775 statim
1979 2708 2068 2773 ad
2125 2726 2277 2773 eum
2333 2709 2726 2774 accesseris.

512 2811 824 2879 Ceterum
861 2814 1273 2898 antiquitatis
1318 2814 1640 2879 studiosis
1668 2813 1887 2878 Persii
1924 2813 2273 2878 lectionem
2316 2811 2728 2877 fructuosam

508 2932 690 2995 csse,
720 2916 1028 3001 equidem
1055 2914 1174 2981 vix
1198 2915 1597 2981 monendum
1624 2934 1772 2981 esse
1800 2916 2136 2981 existimo.
2530 2938 2540 2945 ‘

602 3018 854 3105 Magno
912 3021 1154 3104 plausu
1210 3020 1410 3084 etiam
1467 3020 1707 3086 satiras
1755 3018 1971 3085 editas
2015 3018 2359 3084 confestim
2404 3022 2728 3104 exceptas

510 3132 689 3201 esse,
716 3124 1051 3187 memoriae
1080 3122 1375 3207 prodidit
1413 3122 1574 3188 vitae
1605 3121 1821 3186 Persii
1849 3126 2172 3200 anctor,¹⁹·
2206 3121 2511 3206 idemque
2542 3121 2728 3187 Manu

510 3226 694 3291 fialis
739 3229 1018 3290 testatur
1062 3231 1130 3291 et
1171 3225 1644 3306 Quintilianus,
1674 3213 2112 3310 patribusque
2140 3222 2446 3291 ecclesiae
2488 3225 2729 3309 proba·

511 3334 656 3399 tum
697 3330 884 3395 illum
925 3329 1136 3395 fuisse
1163 3331 1465 3396 indicant
1491 3331 1669 3407 loca,
1703 3350 1860 3413 quae
1888 3330 2146 3414 passim
2181 3350 2272 3394 ex
2304 3329 2543 3395 Persio
2571 3347 2730 3414 pro-

514 3432 882 3498 tulerunt.²⁰
968 3433 1226 3518 Etenim
1252 3436 1360 3501 vel
1389 3454 1481 3498 ea¹
1497 3434 1676 3518 ipsa,
1705 3452 1859 3517 quse
1887 3420 2063 3497 nunc·
2093 3433 2534 3517 scriptoribus
2563 3432 2729 3497 vitio

506 3539 767 3601 vertere
829 3536 980 3620 jure
1035 3537 1350 3614 solemus,
1405 3537 1634 3600 multis
1694 3543 1838 3601 tum
1904 3536 2397 3621 quodammodo
2450 3536 2736 3620 probata

519 3645 726 3717 erant,
756 3640 1217 3704 sententiarum
1248 3641 1551 3723 argutiae,
1592 3641 1859 3707 dicendi
1886 3660 2093 3724 genus
2124 3640 2490 3716 concisum,
2520 3644 2730 3732 trans-

514 3739 798 3829 lationes
830 3740 1121 3805 audaces
1168 3747 1235 3806 et
1275 3743 1654 3808 obscuritas
1701 3742 2010 3828 quaedam
2053 3743 2332 3808 orationi
2379 3740 2727 3807 inducta.²¹

588 3975 651 4021 19
683 3971 700 4002 ‘
729 3971 941 4023 Editum
986 3973 1172 4024 librum
1209 3973 1455 4024 continuo
1495 3976 1589 4024 mi·
1732 3980 1799 4025 20
1831 3977 1893 4025 Ε.
1935 3991 1985 4041 g.
2021 3977 2267 4026 Iactant-
2290 3988 2378 4023 ιιι.
2403 3977 2484 4022 16.
2510 3976 2617 4032 15.;
2652 3985 2732 4022 vr.

522 4048 626 4098 nri
667 4049 898 4100 homines
931 4056 986 4100 et
1023 4049 1251 4115 diripere
1277 4052 1586 4115 emper-unt!
1665 4056 1718 4102 2.
1741 4055 1820 4100 11.
1886 4051 2164 4115 Augustin.
2191 4050 2257 4099 de
2277 4049 2395 4100 Oiv.
2421 4047 2494 4096 D.
2519 4060 2581 4098 11.
2603 4051 2653 4097 ’1.

524 4123 598 4175 Et
618 4127 772 4190 paulo
794 4142 974 4193 supra:
999 4130 1014 4156 ‘
1038 4128 1142 4179 Sed
1177 4129 1419 4178 Lucanus
1452 4130 1585 4180 adeo
1735 4133 1797 4178 21
1834 4129 2058 4180 Quintil.
2081 4128 2245 4178 instit.
2268 4130 2460 4176 vind.
2481 4124 2498 4152 ‘
2519 4122 2597 4174 At
2615 4137 2732 4188 per·-

523 4201 810 4253 mirabatur
833 4205 1027 4270 scripta
1048 4206 1242 4269 Flacci,
1266 4211 1329 4254 ut
1350 4206 1436 4255 vix
1460 4206 1589 4256 reti·
1670 4204 1806 4255 vasit
1822 4206 2032 4271 quidem
2046 4205 2158 4269 jam
2179 4204 2366 4253 multos
2393 4204 2497 4252 ista
2525 4215 2736 4266 penu·-

519 4286 672 4330 neret
691 4295 767 4349 se,
786 4282 874 4333 illo
895 4283 1171 4350 recitante,
1188 4300 1221 4335 a
1243 4283 1500 4335 clamore?
1670 4284 1765 4349 sio,
1785 4289 1844 4337 ut
1860 4282 1913 4332 id
1925 4283 2037 4348 jam
2057 4283 2270 4335 demum
2285 4282 2555 4360 eleganter
2571 4286 2733 4348 utque
