3084 4934
527 370 627 443 ,86

1298 389 1372 439 Δ.
1420 389 1673 447 PBRSH
1725 390 1990 442 ELAcol

540 532 762 619 Atque
793 539 1182 619 exporrecto
1196 535 1604 609 -tmtinantur
1633 538 1837 603 verba
1861 536 2126 616 labello,
2161 550 2170 555 ·

543 638 804 720 AEgroti
832 639 1072 704 veteris
1102 639 1495 710 meditantes
1524 640 1803 718 somnia,
1834 640 2010 721 gigni

545 739 652 805 De
680 741 885 807 nihilo
913 743 1096 821 nihil,
1126 743 1194 807 in
1222 742 1502 811 nihilum
1529 744 1624 809 nil
1651 762 1851 826 posse
1881 742 2142 807 reverti.

532 843 705 913 -Hoc
732 850 854 924 est,
885 845 1065 929 quod
1090 847 1347 930 palles?
1395 867 1513 913 cur
1544 848 1695 930 quis
1724 866 1854 915 non
1881 844 2221 929 prandeat,
2249 844 2377 911 hoc
2405 846 2549 913 esti
2655 844 2746 911 85

544 947 684 1012 His
713 949 1002 1032 populus
1031 948 1231 1027 ridet3
1277 951 1689 1034 multumque
1719 954 1941 1019 torosa
1958 950 2273 1034 juventus

542 1048 905 1132 Ingeminat
934 1053 1244 1117 tremulos
1272 1070 1436 1116 naso
1466 1053 1797 1137 crispante
1826 1051 2205 1123 cachinnos,

631 1151 930 1238 Inspice:
975 1157 1202 1220 nescio
1233 1155 1393 1241 quid
1421 1156 1705 1241 trepidat
1729 1155 1888 1220 mihi
1917 1159 2168 1239 pectuS,
2198 1158 2263 1217 et
2292 1151 2488 1236 aegris

542 1368 809 1429 expendunt
829 1383 960 1417 voces
993 1368 1133 1418 labiis
1158 1372 1411 1434 protensis,
1434 1372 1719 1423 revolventes
1740 1370 1969 1421 nuomnia
1990 1371 2111 1431 oegri
2132 1371 2342 1433 antiqui.-
2375 1385 2426 1420 v.
2451 1385 2500 1433 g.
2523 1369 2646 1420 nihil
2660 1384 2743 1432 ge-

541 1434 703 1480 nerari
725 1448 785 1480 ex
803 1434 949 1482 nihilo
963 1449 980 1491 ‚·
1012 1435 1134 1484 nihil
1149 1452 1283 1499 posse
1315 1437 1470 1485 redire
1504 1437 1557 1485 in
1587 1436 1808 1486 nihilum.
1875 1435 1958 1484 An
1982 1436 2097 1484 illud
2120 1442 2189 1483 est
2208 1451 2297 1498 quo
2313 1437 2537 1498 pallorem
2561 1443 2744 1484 contra-

542 1493 654 1545 luis?
686 1495 769 1546 An
790 1498 912 1547 illud
933 1505 1021 1562 est,
1051 1507 1246 1563 propter
1280 1503 1400 1564 qnod
1436 1501 1609 1564 aliquio
1628 1515 1721 1549 non
1742 1498 2005 1564 prandeat?
2036 1502 2115 1548 Aa
2138 1501 2236 1548 hoec
2255 1501 2383 1564 plebs
2413 1501 2464 1549 in
2497 1499 2743 1554 cachinnos

534 1562 762 1612 solvitur.-
795 1565 1048 1623 etjuvenes
1068 1567 1207 1615 nimis
1225 1566 1417 1616 delicati
1436 1566 1750 1630 multiplicant
1769 1565 1892 1614 risus
1904 1570 2164 1614 trementes
2186 1565 2377 1614 naribus
2396 1565 2603 1627 rugatis.
2646 1564 2744 1620 Qui

1462 1710 1789 1735 ”OH‘COOCO
1796 1709 1822 1729 θ

954 1812 1027 1861 86
1059 1809 1194 1861 Eud.
1219 1811 1388 1879 quaed.
1409 1813 1494 1862 Ιιοε
1513 1827 1611 1878 pro
1628 1812 1852 1863 Itis—89
1882 1810 2107 1865 exuberat
2123 1811 2230 1889 ,Ms.
2256 1811 2320 1861 R.

1539 1953 1761 2006 NOTAE

556 2050 561 2055 ’
606 2054 671 2103 82
692 2048 848 2116 Atque
869 2056 1141 2119 exporrecto
1163 2053 1477 2116 trutinantur,
1497 2054 1604 2118 εἷα]

541 2128 626 2177 Fit
661 2129 862 2187 scilicet
901 2143 1132 2185 murmur
1171 2129 1496 2185 niotitatione
1533 2133 1603 2185 la·

534 2198 761 2266 'bion-um,
795 2212 855 2256 ut
897 2207 1170 2259 videantur
1210 2207 1368 2258 verba
1400 2204 1604 2273 singula

540 2283 808 2346 pensitari.
948 2284 955 2289 “
1160 2282 1167 2287 ’
1246 2276 1251 2283 ’

607 2362 670 2407 83
694 2359 891 2421 AEgroti
910 2359 1083 2409 veteris
1102 2360 1383 2410 meditantes
1400 2360 1607 2426 somnia}

534 2432 630 2484 ‘Sic
677 2449 771 2499 per
813 2441 1128 2485 contemtum
1193 2444 1346 2491 vocat
1408 2437 1604 2501 placita

540 2512 910 2577 philosophica.
978 2513 1280 2562 Lactantius
1320 2529 1385 2563 ex
1423 2522 1603 2564 vetere

533 2586 711 2639 'Poeta
735 2589 806 2638 sic
829 2589 1012 2640 habet:
1048 2594 1062 2618 ‘
1084 2592 1223 2643 Quid
1263 2599 1487 2655 aegrotus
1512 2608 1604 2643 un-

543 2680 697 2730 quam
749 2666 1039 2731 somniavit,
1083 2668 1216 2737 quod
1266 2669 1604 2733 Philosopho-

540 2757 653 2791 rum
675 2743 858 2808 aliquis
882 2759 983 2794 uon
1008 2744 1200 2800 dixerit
1220 2744 1257 2794 ?'

532 2812 542 2819 ’
612 2820 763 2883 Gigni
783 2824 842 2871 de
859 2822 1008 2870 nihilo
1023 2821 1160 2884 nihil,
1178 2821 1287 2885 ξω]
1315 2823 1604 2874 Christiana

538 2895 645 2947 fide
680 2905 887 2947 constat
917 2901 1085 2948 Deum
1119 2900 1244 2962 opt.
1271 2899 1415 2948 Max.
1437 2899 1504 2966 tle
1528 2901 1603 2951 ni-

532 2974 646 3024 milo
700 2976 869 3024 omnia
920 2991 1164 3025 creasse:
1222 2983 1276 3027 at
1318 2974 1601 3030 communis

540 3051 714 3116 opinio
747 3049 850 3101 fuit
881 3058 1118 3103 veterum
1154 3052 1607 3118 Philosophorum,

532 3119 609 3178 exst
632 3128 792 3177 nihilo
813 3129 940 3177 nihil
963 3128 1107 3191 fieri;
1142 3130 1202 3181 et¹
1235 3145 1336 3183 non
1374 3147 1525 3195 posse
1549 3132 1603 3181 id

531 3206 677 3273 quod
702 3207 846 3257 estin
870 3206 1080 3259 nihilum
1105 3207 1264 3258 abire.
1319 3210 1603 3276 ‘Lucretius

530 3274 628 3335 lib.
649 3297 692 3333 1.
727 3285 742 3312 ‘
765 3284 854 3335 Nil
889 3284 1048 3348 igitur
1080 3284 1196 3335 fieri
1230 3285 1295 3339 de
1319 3272 1427 3337 nilo‘
1449 3302 1602 3351 posse

538 3359 823 3430 putandum
862 3367 959 3425 est,
997 3357 1199 3419 Semine
1232 3363 1435 3427 quando
1472 3379 1602 3433 opus

526 3439 621 3485 ‘est
645 3436 834 3501 rebuS,'
852 3441 951 3488 &c.
1269 3449 1273 3453 ’

603 3517 664 3563 85
703 3514 811 3569 Hoc
853 3520 942 3579 est,
991 3513 1123 3581 quod'
1152 3516 1323 3587 palles]
1389 3517 1603 3571 Scilicet

529 3589 786 3665 pallorem
825 3593 1105 3657 contrahRS,
1142 3600 1196 3642 et
1231 3600 1286 3643 te
1325 3593 1603 3647 discrucias

532 3668 755 3732 propter
785 3666 1063 3734 ’ejusmodi'
1093 3685 1251 3734 nugas
1295 3679 1350 3721 et
1389 3670 1602 3723 deliria?

533 3745 626 3806 Te,
655 3746 884 3810 inquam,
918 3744 1094 3799 'inedia
1131 3748 1360 3812 conficis,
1398 3756 1457 3821 ut
1501 3750 1602 3799 De-

534 3823 756 3886 mocriti,
790 3823 1020 3888 Epicuri,
1052 3824 1318 3891 DiogeniS‚
1360 3826 1426 3876 de
1460 3826 1601 3890 prin-

533 3898 686 3963 cipiis
709 3915 897 3959 rerum,
922 3915 1075 3951 vanas
1110 3901 1520 3967 disceptationes
1544 3910 1599 3961 et

524 3977 915 4028 ‘controversias
962 3979 1222 4043 integr-es?
1273 3981 1322 4031 O
1369 3987 1422 4031 te
1466 3982 1599 4031 insa-

525 4047 684 4103 'numl
720 4055 892 4119 inquit
913 4055 1001 4104 ille
1024 4056 1270 4106 Centurio
1295 4057 1541 4109 hircosus.

603 4128 705 4182 Cur
742 4134 849 4195 quis
888 4148 980 4185 non
1018 4135 1274 4201 prandeat]
1342 4133 1598 4199 Adeoque

532 4209 695 4259 =semel
738 4210 793 4259 in
837 4210 924 4262 die
967 4211 1140 4267 cibum
1184 4214 1383 4277 capiat.
1458 4214 1598 4265 Tull.

536 4288 734 4342 Quaest.
754 4288 968 4341 Tuscnl.
1005 4303 1059 4342 v.
1093 4289 1315 4364 (Mente
1350 4286 1601 4342 recte‘uti

1684 2065 1784 2101 non
1821 2063 2088 2114 possumus
2114 2047 2276 2097 multo
2311 2045 2429 2097 cibo
2451 2051 2509 2101 et
2530 2043 2744 2109 potione

1684 2127 1965 2191 completi)
2032 2125 2171 2179 Hinc
2196 2123 2413 2173 studiosi
2436 2123 2509 2171 illi
2545 2130 2750 2191 veteres

1684 2203 1968 2253 sobrietate
1994 2201 2250 2250 acuebant
2274 2199 2552 2262 ingenium,
2584 2204 2644 2247 ut
2679 2198 2745 2247 ad

1683 2280 2049 2331 meditationes
2092 2276 2467 2340 philosophicas
2519 2274 2747 2337 aptiores

1684 2363 1869 2409 essent.
1931 2355 2114 2409 Horat.
2135 2356 2241 2407 Sat.
2268 2362 2326 2403 ιιι
2352 2357 2399 2403 3.
2423 2355 2438 2379 ⁴
2459 2347 2745 2419 Postquam
2835 2406 2838 2415 Ι

1684 2441 1765 2483 est
1787 2433 2031 2497 impransi
2048 2439 2320 2495 correptus
2336 2444 2459 2480 voce
2479 2426 2748 2493 magistri?

1683 2510 1818 2563 Vide
1843 2511 1992 2559 Alex.
2019 2509 2084 2558 ab
2104 2508 2251 2558 Alex.
2272 2523 2318 2557 v.
2338 2511 2420 2556 21.
2457 2505 2590 2557 coel.
2616 2505 2749 2555 Rho-

1685 2587 1790 2647 dig.
1813 2601 1992 2637 xxvn.
2013 2589 2096 2635 Ἄ.

1747 2670 1812 2715 86
1848 2665 1946 2714 His
1978 2664 2103 2711 ridet
2134 2659 2354 2725 populus]
2419 2657 2526 2708 Alii
2546 2658 2746 2722 legunt,

1683 2742 1785 2804 hos,
1820 2741 1872 2789 id
1910 2745 2008 2802 est,
2043 2738 2401 2801 Philosophus.
2468 2734 2592 2796 Alii,
2630 2736 2748 2785 boc.-

1685 2818 1787 2872 Alii
1810 2818 1862 2868 et
1885 2817 2085 2879 melius,
2114 2816 2296 2878 legunt
2316 2829 2379 2875 ex
2405 2813 2619 2878 antiquo
2654 2811 2750 2863 Co·

1685 2896 1816 2958 dice,
1838 2901 1889 2945 et
1913 2893 2139 2943 retinent
2162 2892 2251 2941 leis.
2317 2884 2505 2939 Sensus
2529 2894 2632 2937 est:
2668 2888 2748 2937 his

1685 2973 1930 3027 conviciis
1968 2972 2018 3019 in
2059 2968 2398 3031 Philosophos
2427 2965 2644 3030 jactatis
2680 2964 2746 3017 ab

1684 3055 1884 3104 hircosa
1911 3050 2221 3102 Centurione
2245 3047 2526 3097 assentitur
2544 3054 2598 3094 et
2624 3044 2749 3097 arri-

1686 3131 1778 3182 det
1825 3128 2061 3195 pop'ulus,
2105 3141 2222 3176 suos
2265 3125 2423 3174 etiam
2474 3122 2749 3175 cachinnos

1680 3209 1952 3275 adjungiu
2002 3206 2301 3272 gaudetque
2333 3203 2583 3268 juventus
2622 3199 2750 3248 rnili-

1685 3288 1773 3339 tiae
1811 3286 2006 3349 dedita,
2044 3292 2100 3334 et
2139 3281 2469 3332 scientiarum
2512 3291 2750 3341 asperna-

1687 3365 1808 3426 trix,
1846 3362 2106 3427 sapientes
2145 3360 2221 3409 ita
2275 3355 2500 3407 ludibrio
2556 3351 2751 3415 haberi,

1680 3442 1818 3491 unde
1835 3448 1891 3490 et
1924 3438 2205 3502 ingeminat
2229 3431 2701 3484 subsannationem.

1747 3519 1942 3583 Tou-osa]
2007 3519 2173 3566 'Porus
2198 3514 2335 3565 idem
2359 3517 2440 3560 cst
2464 3509 2598 3574 quod
2624 3520 2748 3556 caro
2805 3544 2810 3548 .

1681 3596 1987 3657 musculosa,
2006 3593 2128 3649 hine
2154 3598 2354 3641 torosus
2380 3585 2636 3652 significat
2672 3599 2749 3634 ro-

1684 3676 1886 3728 bustum
1910 3680 1962 3722 et
1986 3671 2363 3735 corpulentum.

1746 3736 1824 3802 88ι
1845 3751 2029 3817 Inspice
2050 3749 2226 3806 ‚nescio
2269 3745 2400 3810 quid,
2438 3743 2545 3807 ξω]

1681 3829 1895 3890 Persius
1920 3828 2107 3877 risores
2131 3825 2246 3875 illos
2286 3821 2591 3885 insipientes
2630 3832 2748 3868 cou-

1679 3905 1837 3963 futat.
1871 3907 1967 3959 Est
1990 3904 2126 3952 enim
2150 3898 2415 3966 responsio
2441 3891 2746 3958 Philosophi

1679 3982 1747 4035 ad
1780 3981 2171 4043 Centurionem‚
2195 3992 2260 4027 ex
2283 3972 2639 4046 similitudine,
2662 3985 2747 4044 cuf

1669 4061 1760 4125 jus
1794 4058 2045 4124 protasim
2084 4056 2232 4120 ponit
2269 4051 2478 4119 quidem
2512 4049 2746 4109 Persius,

1679 4130 1944 4201 apodo'sim
1980 4134 2217 4184 minime:
2270 4131 2405 4183 hanc
2444 4134 2521 4185 tu,
2560 4127 2746 4186 lector,

1677 4214 1895 4277 supple;
1929 4218 2021 4260 aut
2055 4210 2129 4258 sic
2162 4208 2323 4281 habe:
2362 4214 2589 4270 aegrotus
2611 4215 2747 4274 prae-

1678 4298 1838 4359 cepta
1856 4287 2187 4341 Medicorum
2209 4297 2313 4334 non
2332 4281 2612 4332 observans
2637 4279 2748 4331 bre-

2628 3741 2745 3792 Jam
