3084 4934
511 348 600 426 12
1287 374 1383 425 nn
1424 376 1679 425 pensu
1731 374 1937 440 viu,

504 512 771 607 ‘semper
789 524 1078 591 animum
1111 516 1539 601 attenderent,
1588 544 1791 607 seque
1823 524 1899 591 in
1921 523 2062 589 iliis
2102 523 2502 591 adhibendis
2528 527 2720 593 exeri

505 615 746 703 cerent,
806 627 1136 707 inueniam
1196 627 1562 707 neglectum
1616 633 2051 714 exaresceret,
2126 625 2473 713 omnisque
2525 648 2720 713 geue-

505 728 725 793 rosior
764 736 833 793 et
873 731 1068 794 altior
1109 731 1379 814 spiritus
1411 736 1530 797 ant
1560 724 2062 811 extingueretur,
2098 736 2217 795 aut
2244 731 2506 796 saltem
2517 732 2715 817 quasi

504 831 944 913 compedibus
962 828 1343 908 vinciretur,
1367 852 1517 916 quae
1540 852 1798 897 omnem
1829 828 2106 896 liberum
2129 852 2398 897 cursum
2423 833 2717 951 retarda-

502 939 646 1001 rent
679 939 745 999 et
776 933 1187 1017 impedirent.

534 1036 983 1101 Dramatica
1035 1038 1227 1116 ratic,
1288 1058 1425 1121 qna
1475 1058 1663 1122 saepe
1706 1016 2090 1108 felicissime
2127 1038 2478 1104 Horatius
2488 1039 2711 1118 utitur,

503 1156 789 1224 quaeque
819 1139 1169 1222 prudenter
1199 1140 1492 1205 adhibita
1530 1143 1600 1204 in
1630 1136 1849 1211 satiris
1877 1160 2008 1206 nou
2035 1141 2268 1206 ultima
2303 1143 2450 1206 lau‘s
2474 1148 2597 1218 est,
2646 1141 2714 1208 in

499 1239 757 1319 Persic,
806 1242 919 1324 qui
961 1261 1106 1306 eam
1138 1263 1403 1327 quoque
1445 1238 1766 1320 tentavit,
1791 1242 2055 1308 multas
2064 1252 2243 1309 creat
2271 1243 2711 1309 difficultatem

501 1342 773 1417 Etenim
791 1345 994 1409 modo
1022 1346 1103 1409 ad
1113 1348 1463 1412 versarium
1484 1324 1864 1430 loquentem
1887 1347 2168 1425 inducit,
2193 1367 2406 1433 eoque
2432 1348 2734 1412 dimisso

501 1434 927 1514 statim-alius
976 1447 1045 1511 in
1094 1468 1358 1514 scenam
1398 1452 1644 1534 prodit,
1691 1469 1824 1517 non
1868 1451 1981 1517 ille
2030 1452 2247 1534 prior3
2318 1452 2446 1515 nisi
2493 1449 2712 1515 mavis

498 1553 804 1629 statuere,
835 1571 1073 1635 parum
1103 1555 1435 1634 cogitasse
1476 1554 1804 1632 Persium,
1832 1574 2005 1638 quas
2043 1560 2282 1638 partes
2301 1550 2584 1618 tuendas
2603 1573 2711 1618 se

495 1651 631 1716 mel
661 1653 757 1729 eii
770 1671 1060 1736 quocum
1086 1655 1219 1718 sibi
1242 1676 1379 1719 rem
1402 1650 1554 1719 esse
1582 1656 1871 1735 finxerit,
1899 1654 2223 1737 tribuerit,
2243 1663 2310 1722 et
2328 1657 2480 1723 inde
2501 1654 2708 1722 modo

496 1754 625 1819 hoc
651 1755 857 1819 modo
881 1757 1045 1820 illud
1076 1757 1532 1825 defendentem
1562 1760 1928 1859 induxisse.
2019 1761 2224 1846 Saepe
2263 1761 2463 1825 etiam
2491 1760 2708 1825 imita

494 1863 602 1921 tur
627 1854 875 1923 tantum
900 1859 1152 1925 Noster
1175 1862 1452 1927 aliorum
1486 1850 1880 1942 sermonem,
1929 1859 2417 1947 dictionemque
2444 1868 2704 1927 uaturae

490 1950 850 2025 illorumuet
870 1958 1079 2027 indoli
1111 1947 1596 2033 accommodat.
1689 1966 2069 2032 Difficultas
2100 1973 2320 2032 autem
2341 1966 2492 2031 inde
2515 1962 2705 2049 saepe

493 2052 803 2142 uberim&
848 2065 1027 2146 quod
1069 2068 1138 2130 in
1185 2067 1354 2150 ipsis
1384 2067 1668 2151 dialogis
1697 2056 1840 2134 non'
1855 2079 2163 2135 accurate
2193 2069 2360 2135 satis
2388 2075 2456 2133 et
2482 2067 2706 2152 ipsius

491 2174 560 2233 et
586 2167 945 2253 adversarii
974 2177 1197 2253 partes
1227 2168 1530 2239 discretae
1562 2178 1735 2250 sunt,
1755 2179 1840 2238 -ut
1868 2174 2094 2239 statim
2123 2172 2275 2238 cuin
2302 2171 2523 2250 ex'iis,
2550 2191 2706 2255 quoe

492 2262 817 2351 dicuntur,
847 2279 988 2338 tum
1017 2293 1104 2337 ex
1134 2275 1382 2339 ratione
1420 2272 1694 2339 dicendi
1711 2276 1871 2359 ipsa
1896 2275 2248 2358 intelligas,
2275 2279 2421 2341 uter
2445 2275 2558 2353 sit,
2589 2274 2706 2358 qui

491 2372 831 2471 loquatur,
853 2396 1005 2441 cum
1029 2383 1297 2461 repente
1326 2378 1694 2443 orationem
1711 2379 2067 2463 excipiens
2095 2396 2179 2442 ea
2207 2377 2421 2442 dicere
2450 2382 2703 2461 pergat,

494 2492 645 2563 quae
693 2474 1116 2574 adversarius
1163 2500 1448 2549 exorsus
1491 2480 1727 2560 fuerat,
1778 2489 2110 2566 tanquam
2142 2482 2285 2567 ejus
2343 2480 2530 2545 vices
2571 2480 2704 2546 sibi

491 2587 710 2646 essent
736 2578 1057 2675 tutandae.
1146 2584 1432 2650 Pertinet
1460 2582 1732 2670 quidem
1759 2585 1911 2652 haec
1937 2587 2106 2650 ratio
2133 2584 2221 2649 ad
2250 2585 2551 2673 ironiam,
2581 2583 2701 2661 sed

489 2694 797 2767 magnam
834 2687 1044 2772 {labet
1090 2688 1481 2767 cautionem,
1525 2709 1610 2753 ne
1638 2686 2100 2774 perspicuitati
2110 2732 2134 2779 ⁶.
2146 2687 2490 2765 officiatur,
2523 2686 2635 2752 cui
2659 2705 2703 2750 a

492 2782 715 2872 poe'tis
743 2789 942 2869 etiam
971 2791 1441 2856 consulendum
1460 2798 1604 2870 est,
1633 2810 1923 2878 quaeqne
1953 2794 2040 2857 ab
2069 2792 2156 2857 iis
2183 2796 2432 2856 tantum
2461 2788 2703 2872 negligi
2750 2772 2763 2788 ’

491 2892 679 2968 solet,
706 2892 818 2975 qui
842 2893 1104 2976 ingenio
1150 2894 1446 2960 destituti
1476 2896 1761 2965 aliorum
1804 2896 2094 2960 inventis
2120 2900 2406 2974 utuntur,
2445 2892 2701 2959 novitass

490 3000 753 3079 temque
781 2995 855 3058 in
879 3002 1114 3065 ornatu
1144 2998 1359 3062 solum
1381 3004 1712 3082 quaerunt.
1839 3026 1848 3035 ·

566 3096 821 3163 ‘Verum
863 3100 933 3164 in
954 3100 1172 3165 ironia
1198 3092 1576 3175 adhibenda
1595 3102 1872 3167 Persius
1900 3121 2084 3186 saepe
2127 3100 2584 3185 nequicquam.
2599 3099 2699 3164 la·-

490 3201 767 3267 boravit.
860 3200 929 3266 N
932 3221 1019 3266 on
1059 3203 1316 3268 videtur
1358 3202 1531 3269 enim
1578 3204 1711 3269 illa·
1745 3205 2139 3269 elocutionis
2165 3202 2376 3286 figura
2401 3202 2699 3267 ardentis

487 3323 638 3369 esse
687 3306 952 3387 ingenii,
1004 3325 1127 3370 nec
1168 3308 1262 3371 ab
1304 3326 1391 3371 eo
1423 3307 1621 3373 facile
1652 3326 1855 3392 posse
1885 3308 2170 3384 tracturi,
2219 3302 2698 3389 cujus,animus

486 3407 772 3489 graviori
799 3407 1027 3491 aliqua
1065 3409 1526 3474 commotionis
1555 3429 1784 3491 genere
1815 3410 2279 3489 conturbatum
2335 3413 2441 3472 est
2468 3407 2696 3492 potius

484 3509 767 3580 ludentis
811 3515 927 3574 aut
971 3511 1137 3573 risui
1187 3512 1536 3587 stultitiam
1583 3513 1840 3578 salibus
1861 3519 1932 3578 et
1957 3510 2220 3577 facetiis
2250 3510 2692 3596 propinantis

488 3611 644 3691 Quo
674 3613 878 3677 etiam
903 3613 1000 3690 fit,
1032 3620 1104 3677 ut
1132 3613 1411 3678 Persius
1443 3616 1799 3695 abironia,
1833 3610 2102 3700 qua'uti
2141 3615 2445 3698 eoeperit,
2474 3613 2694 3677 statim

485 3715 814 3793 deflectat,
863 3719 1061 3798 atque
1099 3715 1185 3780 ad
1235 3718 1588 3800 pristinam
1624 3721 2106 3807 gravitatem'et
2133 3716 2567 3797 acrimoniam
2593 3733 2696 3778 re·-

479 3823 793 3888 vertatur.
886 3818 1170 3883 Omnino
1224 3821 1494 3909 quidem
1546 3822 1616 3887 id
1675 3823 1848 3885 vitio
1893 3814 2024 3899 non
2069 3820 2397 3896 verterim,
2439 3818 2499 3881 si
2546 3818 2697 3901 quis

482 3920 762 3985 ironiam
793 3942 912 4005 per
939 3927 1148 3986 totum
1178 3943 1354 4008 opus
1383 3945 1513 3990 non
1544 3931 1824 4001 tueatur,
1856 3922 2039 4007 quod
2066 3928 2141 3987 nt
2167 3916 2379 4001 fiat,'a
2423 3921 2695 4006 quibus-

483 4022 636 4093 dam
686 4025 1205 4108 pulchritudinis
1252 4037 1318 4096 et
1364 4029 1723 4094 venustatis
1772 4026 2095 4093 doctrinae
2125 4025 2465 4109 'magistris
2515 4024 2696 4089 velut

479 4126 627 4209 lege
653 4129 979 4193 sancitum
1012 4130 1349 4212 videmus;
1404 4150 1621 4215 neque
1651 4131 1737 4196 ad
1767 4131 2109 4201 Socratem
2150 4128 2484 4211 confugio,
2511 4133 2589 4191 ut
2615 4125 2696 4190 il·

480 4228 611 4294 lius
637 4230 947 4317 exemplo
975 4230 1102 4298 hoc
1134 4226 1499 4312 defendam,
1531 4234 1866 4320 quisaepe
1895 4233 2070 4303 serio
2102 4230 2280 4309 dicta
2303 4231 2540 4299 ironiae
2568 4230 2692 4296 ima
