3084 4934
534 406 669 520 ist

1296 429 1373 480 A.
1419 428 1668 479 PERSH
1720 430 1983 480 FLAccl

537 580 561 613 ‘
594 540 806 659 lisuge,
837 536 1023 659 puer,
1053 574 1323 659 sapias:
1372 574 1503 638 Dis
1526 573 2010 658 depellentibus
2038 589 2273 654 agnam

537 676 863 744 Percute.’

971 676 1107 741 Sed
1137 675 1436 755 cense'n’,
1463 676 1778 760 plorabit,
1812 676 2030 752 Dave,
2059 673 2292 738 relicta
2307 674 2344 736 ‘l

533 786 556 816 ‘
591 781 660 846 N
662 782 925 864 ugaris
908 800 924 818 ·
972 781 1162 845 solea
1190 800 1358 905 puer
1386 779 1821 863 objurgabere
1852 777 2076 855 rubra,
2161 818 2168 823 -
2209 804 2213 809 ·

531 947 711 997 tinctu.
700 943 724 984 '²
781 947 943 996 Macte
963 960 1136 1009 ummo,
1157 960 1188 994 o
1202 961 1338 1009 puer,
1358 946 1547 1010 sapiens
1566 951 1683 1007 esto,
1718 950 1774 994 et
1793 959 1967 1006 agnum
1983 948 2139 992 macta
2165 939 2449 991 Numinibus
2466 940 2751 991 aver-runcis.

533 1013 624 1077 At,
663 1026 694 1060 o
728 1013 884 1073 Dare,
914 1016 1116 1075 putasne
1152 1012 1287 1075 quod
1326 1010 1536 1073 Chrysis
1594 1025 1627 1058 a
1666 1024 1749 1059 me
1786 1011 1971 1058 deserta
2009 1003 2383 1072 lacrymabitur?
2439 1006 2612 1067 Nugas
2626 1005 2750 1066 agis.

537 1078 715 1141 Certe,
739 1091 777 1125 o·
779 1092 936 1152 puer,
952 1075 1260 1139 castigaberis
1273 1078 1484 1126 sandalio
1503 1075 1664 1134 rubeo,
1685 1089 1744 1125 ne
1766 1075 2011 1138 deinceps
2034 1073 2253 1122 vacillare
2266 1073 2444 1136 mapius,
2460 1076 2507 1120 et
2525 1075 2755 1133 σημείου

1496 1181 1794 1256 som:
1822 1180 1838 1193 ’

528 1337 657 1388 dum
700 1337 944 1402 Propert.
998 1304 1214 1403 Eleg.1.·
1248 1343 1296 1389 1.
1350 1336 1603 1400 ‘Semper
1643 1392 1648 1401 ,

533 1421 590 1463 et
608 1414 805 1464 exclusi
828 1415 974 1478 signa
984 1415 1163 1479 jacere
1186 1414 1363 1464 faces!

603 1490 782 1552 Canto]
815 1490 1081 1555 Insignem
1095 1496 1150 1540 et
1168 1491 1456 1554 elegantem
1471 1488 1606 1552 ejus-

531 1566 672 1617 modi
696 1568 1247 1636 cantilenam.scripsit
1280 1567 1466 1627 Horat.
1498 1565 1603 1616 od.

522 1657 620 1695 111.
667 1649 747 1694 10.
790 1644 877 1693 ubi
913 1644 988 1693 sic
1011 1651 1110 1708 est,
1144 1645 1159 1672 ‘
1183 1644 1485 1693 Extremum
1504 1642 1604 1692 Ta-

533 1720 671 1771 naim
712 1720 757 1770 si
803 1721 1007 1771 biberes
1054 1722 1212 1784 Lyce,
1248 1722 1394 1770 Saevo
1436 1726 1605 1783 nupta

526 1799 666 1862 viro,
705 1815 788 1851 me
830 1805 1005 1850 tamen
1045 1813 1255 1862 asperas
1292 1797 1603 1853 Pori-ectum

531 1885 656 1927 ante
694 1876 828 1927 fores
867 1876 1092 1941 objicere
1131 1875 1315 1925 incolis
1360 1875 1606 1927 Plorat-es

533 1952 894 2019 Aquilonibus,
961 1951 1126 2002 Audis
1159 1967 1275 2016 quo.
1295 1952 1516 2015 strepitu
1525 1951 1607 2014 ja-

529 2029 667 2094 nua,’
689 2035 786 2080 διο.
833 2032 905 2079 Et
927 2030 982 2078 in
1005 2028 1123 2078 fine.
1163 2030 1178 2056 ‘
1207 2029 1331 2079 Non
1349 2029 1606 2078 hocsem-

529 2120 629 2171 per
644 2108 746 2157 erit
758 2108 973 2168 liminis,
985 2113 1076 2156 aut
1097 2120 1244 2171 aqnae
1262 2105 1498 2159 Coelestis
1515 2118 1605 2169 pa-

532 2183 670 2232 tiens
691 2182 863 2234 latus!
884 2182 1040 2233 Ovid.
1062 2182 1206 2235 Fast.
1226 2188 1276 2231 5.
1292 2182 1309 2210 ⁴
1327 2181 1516 2230 Ebrius
1535 2179 1605 2229 ad

535 2259 721 2309 durum
768 2259 1010 2309 formosae
1049 2260 1206 2308 limen
1243 2259 1424 2308 amieae
1474 2258 1610 2309 Can·

533 2336 644 2385 tat?
690 2337 809 2386 Hoc
853 2337 1070 2386 Plautus
1109 2334 1256 2399 dicit,
1296 2335 1313 2363 ‘
1330 2341 1606 2385 occentare

532 2413 759 2477 ostium!
795 2413 1021 2462 Mercat.
1040 2420 1180 2463 scen.
1196 2419 1246 2463 4.
1292 2413 1440 2462 Pers.
1460 2427 1605 2465 scen.

536 2494 617 2540 15.
930 2520 933 2525 -

555 2572 695 2618 -167
734 2569 891 2633 Euge,
907 2568 1051 2633 puer]
1095 2568 1403 2619 Gratulatur
1424 2570 1605 2618 Davus

426 2698 429 2705 Α
535 2643 893 2695 Chaerestrato
915 2645 1168 2694 saniorem
1188 2650 1431 2708 mentem,
1452 2658 1607 2709 quam

534 2726 782 2772 testatur.
817 2722 1008 2785 Sepias,
1053 2737 1214 2786 perge
1246 2722 1300 2770 in
1337 2726 1444 2771 tam
1468 2720 1607 2770 bono

535 2798 770 2864 consilio,
809 2815 1036 2851 errorem
1077 2800 1355 2865 aliquando
1391 2798 1606 2849 tandem

535 2891 843 2942 agnoscens.

550 2992 555 2999 .
606 2956 703 3005 Dis
719 2956 1075 3021 depellentibus]
1100 2954 1243 3004 Diis
1228 2956 1440 3005 msaniae
1459 2970 1606 3005 aver·

536 3034 729 3095 runcis,
772 3040 827 3083 et
848 3033 1048 3083 fatuum
1074 3042 1302 3082 amorem
1324 3033 1607 3083 amoventi-

535 3110 657 3159 bus:
693 3109 829 3159 forte
855 3110 1058 3160 Castori
1075 3116 1134 3159 et
1149 3109 1372 3173 Polluci,
1408 3109 1497 3175 qni
1521 3125 1609 3159 va-

535 3188 646 3236 lere
692 3187 964 3250 plurimum
1001 3187 1350 3243 credebantur
1372 3188 1436 3236 ad
1461 3202 1609 3236 aver-

537 3263 699 3313 tenda
716 3266 879 3314 mala:
927 3280 1100 3327 agnum
1117 3270 1330 3328 percule,
1355 3265 1610 3328 sacrifica,

536 3347 645 3391 tam
667 3356 763 3405 pro
800 3342 1084 3404 gratiarum
1116 3342 1342 3406 actione,
1372 3357 1525 3407 qnam
1548 3349 1609 3393 ut

534 3415 702 3467 faxint
725 3423 779 3467 te
801 3426 1037 3482 perstare
1061 3418 1115 3467 in
1154 3418 1397 3467 laudabili
1423 3432 1609 3482 propo-

536 3494 653 3545 sito.
722 3496 908 3544 Horat.
955 3495 1286 3545 Od.11.1⁷.
1341 3495 1357 3523 ‘
1383 3495 1495 3545 Nos
1512 3496 1608 3545 bu-

533 3570 709 3620 milem
731 3569 973 3620 feriemus
997 3574 1216 3636 agnam?

554 3651 697 3697 168
731 3647 827 3698 Sed
848 3648 995 3698 cense’
999 3649 1066 3710 π’,
1100 3648 1333 3712 plorabit]
1381 3650 1502 3701 Jam
1520 3665 1607 3699 va-

532 3725 936 3805 cillatjuvenilis
965 3726 1189 3775 animus.
1234 3733 1455 3777 veretur
1470 3728 1607 3778 seili-

537 3809 625 3852 cet
669 3817 734 3851 ne
773 3802 949 3851 doleat
983 3803 1194 3866 Chrysis
1226 3804 1271 3852 si
1308 3818 1427 3854 eam
1449 3806 1607 3856 relin-

535 3886 681 3944 quat,
696 3879 808 3942 jam
826 3879 1024 3943 proprii
1042 3881 1249 3930 oblitus.
1260 3882 1406 3932 mali:
1419 3885 1605 3934 caecus

532 3959 713 4006 amor!
798 3998 802 4003 ,

548 4033 838 4096 -Ρῑοναίήὲ,
883 4034 1038 4097 Dave,
1078 4034 1269 4097 relicte]
1334 4036 1469 4086 Sunt
1509 3997 1604 4100 pro

472 4166 476 4171 ‚
535 4110 688 4159 armis
722 4110 944 4170 mulieri,
974 4111 1238 4160 meretrici
1277 4126 1407 4161 vero
1444 4113 1606 4177 inpri-

531 4188 651 4250 mis,
685 4188 950 4250 lacrymae.
1015 4187 1117 4237 His
1151 4188 1389 4239 libertati
1433 4204 1605 4239 aman-

443 4278 446 4280 *
532 4265 663 4319 tium
704 4263 1036 4327 insidiantur-3
1074 4265 1155 4314 his
1208 4265 1439 4316 meliora.
1465 4269 1608 4333 cogi-

496 4420 510 4435 .
533 4349 706 4395 tentes
726 4348 1047 4407 expugnant.
1095 4343 1248 4394 Unde
1268 4344 1481 4397 Terent.
1496 4347 1606 4421 -Eu-

1683 1334 1837 1382 nuch.
1877 1346 2016 1382 scen.
2054 1335 2104 1380 1.
2159 1329 2325 1380 ‘Haec
2354 1327 2517 1378 verba
2553 1327 2751 1376 meher-

1684 1410 1799 1459 cule
1823 1423 1925 1458 una
1944 1407 2078 1458 falsa
2097 1405 2400 1465 lacrimula,
2436 1405 2605 1457 Quam
2634 1416 2753 1452 oeu-

1682 1485 1759 1536 los
1780 1483 1997 1536 terendo
2019 1484 2207 1533 misere
2236 1482 2323 1531 vix
2348 1482 2395 1530 vi
2418 1479 2758 1545 expresserit,

1685 1562 2030 1626 Restinguet:
2079 1566 2135 1609 et
2179 1565 2233 1609 te
2272 1555 2752 1615 ultroaccusabiu

1685 1646 1742 1688 et
1763 1638 1811 1687 ei
1829 1637 1975 1692 dabis
2000 1637 2155 1687 Ultro
2179 1634 2523 1700 supplicium!

1750 1721 1856 1772 169,
1882 1715 2117 1780 Nugaris]
2163 1713 2370 1765 Siccine
2388 1713 2466 1764 vis
2488 1712 2642 1765 finire
2661 1712 2753 1762 da·

1682 1794 1838 1854 lores,
1881 1793 1969 1858 qui
2012 1799 2115 1842 tam
2156 1806 2337 1856 parum
2372 1791 2472 1841 tibi
2493 1790 2747 1841 constas&

1683 1873 1853 1938 inquit
1886 1886 2062 1922 servus
2106 1870 2245 1933 frugi
2284 1869 2553 1934 adtherum
2575 1880 2751 1920 amore
2803 1932 2811 1940 .

1684 1951 2052 2002 insanientem:
2100 1947 2339 2013 profecto
2369 1962 2533 2012 nugas
2566 1947 2678 2011 agis
2691 1946 2753 1999 ‘in

1685 2044 1754 2082 re.
1766 2029 1919 2080 seria.
2003 2027 2109 2077 Vix
2125 2039 2349 2090 ..ungues
2392 2024 2543 2074 malae
2566 2021 2752 2077 bestia

1685 2106 1975 2169 meretricis
2018 2102 2271 2168 effugies.
2258 2118 2270 2131 ·
2317 2102 2374 2153 et
2408 2100 2611 2153 dolebit
2638 2098 2756 2159 :tibi

1686 2185 1892 2249 gravius
1926 2198 2078 2249 quam
2119 2189 2259 2231 aute.
2329 2178 2483 2232 Quod
2522 2176 2563 2226 si
2586 2176 2674 2229 illa
2697 2182 2756 2228 te

1686 2261 2027 2325 intellexerit,
2063 2266 2240 2311 actum
2286 2265 2386 2321 est,
2426 2256 2648 2345 eludet,
2661 2269 2754 2321 pe·-

1688 2339 1889 2466 rugam
1906 2414 2049 2479 puer]
2117 2414 2271 2468 Quod
2309 2413 2388 2463 bis
2419 2412 2535 2475 jam
2572 2411 2754 2460 Davus

1686 2492 1753 2542 ad
1784 2493 2185 2543 Chaerestmtum
2205 2490 2467 2555 dominnm
2484 2488 2596 2550 ait,
2619 2501 2758 2551 puer,
2859 2544 2864 2549 ,

1685 2587 1791 2622 non
1814 2586 1999 2623 vacare
2022 2570 2311 2636 putandum
2328 2575 2425 2619 est.
2451 2567 2591 2617 Hinc
2609 2564 2757 2617 nimi·

1688 2664 1801 2700 rum
1819 2662 1962 2699 suam
1997 2648 2046 2698 ei
2085 2647 2394 2698 servitutem
2413 2644 2605 2696 blande
2630 2642 2756 2707 obji-

1688 2728 1781 2790 cit,
1802 2740 1907 2791 qua
1928 2725 2130 2775 libidini
2148 2724 2327 2787 servit,
2349 2724 2595 2774 miserum
2616 2722 2754 2787 plin„-

1686 2818 1839 2869 qnam
1888 2805 2071 2852 Davus
2087 2802 2216 2866 'ipse
2239 2800 2589 2865 ιιιιειιιιὴιίιιιιι.
2633 2820 2641 2829 ·
2670 2797 2756 2848 So·

1686 2883 1773 2931 leae
1796 2880 2025 2945 crepidae
2061 2877 2363 2941 muliebres,
2399 2876 2588 2943 quibus
2616 2877 2759 2940 plan·

1687 2965 1857 3008 tarum
1879 2958 2048 3007 calces
2067 2963 2266 3006 tuntum
2279 2955 2469 3005 infimae
2487 2959 2756 3017 teguntur,

1688 3035 1880 3085 ceteris
1901 3049 2064 3098 prope
2098 3033 2269 3096 nudis,
2301 3033 2359 3084 et
2393 3031 2650 3082 teretibus
2669 3030 2756 3079 lia·

1686 3113 1833 3163 benis
1852 3112 2061 3162 vinctis.
2117 3111 2218 3160 His
2245 3110 2404 3159 etiam
2427 3108 2507 3157 nsi
2525 3106 2755 3157 homines

1686 3189 1948 3240 mulierosi
1972 3204 2071 3238 non
2096 3188 2207 3238 sine
2225 3187 2505 3249 dedecore,
2518 3191 2578 3234 ut
2600 3189 2772 3235 testa·

1687 3273 1776 3316 tur
1795 3266 1937 3325 Geli.
1959 3278 2087 3314 xm.
2112 3269 2193 3315 20.
2260 3262 2414 3312 Alex.
2438 3262 2505 3311 ab
2526 3260 2678 3313 Alex.
2703 3268 2757 3311 v.

1690 3349 1773 3394 18.
1827 3346 1959 3394 Tull.
1984 3351 2087 3394 act.
2105 3348 2158 3393 7.
2201 3342 2254 3392 in
2283 3343 2504 3392 Verrem
2528 3346 2682 3391 n.85.
2699 3348 2760 3407 et

1688 3422 1742 3472 in
1782 3425 1842 3473 L.
1867 3423 2116 3473 Pisonem
2130 3436 2180 3470 n.
2214 3424 2296 3470 13.
2336 3419 2546 3484 utrique
2573 3432 2774 3481 expirem

1688 3500 1807 3548 brat
1853 3499 1992 3564 qnod
2036 3496 2305 3562 prodirent
2336 3496 2536 3546 solenti.
2528 3512 2541 3525 ·
2595 3501 2653 3545 et
2673 3495 2759 3545 Ale

1687 3576 1895 3640 harusp.
1920 3589 2059 3638 resp.
2080 3587 2219 3623 num.
2239 3576 2322 3622 44.
2363 3572 2430 3622 P.
2451 3570 2638 3622 Clodio
2657 3584 2760 3625 cro-

1686 3659 1856 3717 cotum,
1898 3652 2113 3715 mitram,
2148 3650 2398 3700 muliebres
2424 3649 2610 3712 soloas,
2624 3648 2764 3714 οδῇ·

1659 3740 1664 3741 ’
1687 3732 1781 3780 cit.

1755 3805 2098 3870 obiurgabere]
2140 3805 2317 3854 Etiam
2362 3802 2574 3854 audebit
2606 3764 2771 3867 peta·

1685 3887 1798 3935 lans
1818 3884 2063 3949 meretrix
2080 3883 2360 3933 verberare
2381 3889 2452 3953 te,
2485 3883 2630 3931 solea
2648 3882 2773 3946 pul-⁸

1685 3979 1802 4014 sare
1825 3971 1992 4024 nates,
2011 3969 2072 4011 ut
2095 3967 2178 4017 est
2201 3960 2341 4025 apud
2371 3944 2612 4021 Juvenal.
2646 3960 2768 4009 Sat,

1684 4055 1763 4091 vr.
1786 4057 1863 4091 vs.
1887 4045 2002 4090 611.
2035 4045 2191 4103 atque
2218 4044 2281 4088 ut
2299 4037 2459 4086 babet
2478 4036 2758 4085 Terentius

1684 4117 1739 4167 in
1786 4117 2068 4166 Eunucho:
2101 4116 2143 4163 .‘
2171 4114 2295 4164 Tibi
2318 4112 2759 4174 commitigabitnr

1686 4192 1918 4243 sandalio
1937 4191 2129 4254 capnt?
2194 4191 2260 4239 S..
2272 4186 2768 4252 chryseon-Heluii.-

1688 4274 1769 4320 14.
1783 4269 1851 4318 ad
1872 4267 2118 4332 populum
2133 4265 2376 4316 Antiocb.
2394 4269 2451 4313 'et
2466 4262 2591 4312 alibi
2602 4276 2776 4326 ,supet

1686 4352 1915 4407 enarrat,
1943 4359 2097 4411 quam
2115 4350 2171 4396 et
2188 4348 2319 4415 quot
2340 4338 2568 4408 indignis
2587 4338 2769 4405 modis.
