3084 4934
1058 434 1071 449 ⁴
1169 414 1492 464 --ssf'rlRA
1540 416 1592 469 1.

306 559 537 629 Meiite
560 582 577 627 ε
639 540 936 631 discedo.

302 846 450 898 Abeo.
531 846 607 896 At
642 847 856 921 meniu.
888 848 1118 912 proscidit
1154 849 1397 900 civitatem
1413 868 1434 911 ,·
1479 855 1547 916 te,
1564 866 1595 901 ο
1617 851 1749 916 Lupe
1765 830 1798 908 ‚·'
1835 856 1881 900 et
1904 856 1970 910 te,
1993 865 2024 900 ο
2051 849 2185 900 Muti
2199 865 2219 908 ;

2430 399 2520 464 4⁷

1027 558 1255 624 Secuit
1283 559 1586 625 Lucilius
1618 560 1891 639 Urbem,
2365 595 2374 604 ·
2471 550 2476 559 “
2509 556 2521 591 ³

302 664 426 742 Τθ,
457 664 674 747 Lupe,
702 669 794 741 te,
828 663 1052 744 Muci3
1094 668 1160 728 et
1186 665 1544 746 genuinum·
1567 664 1759 747 fregit
1787 665 1852 728 in
1882 665 2039 730 illis.

2389 646 2520 729 115'

2268 855 2316 901 et
2339 850 2393 898 in
2412 848 2521 899 istis

1307 1023 1518 1074 NOTAE

301 1157 466 1209 menis
489 1173 675 1223 corpus
707 1173 925 1224 anguem
962 1160 1121 1212 fuisse
1152 1163 1372 1214 circum·

302 1239 535 1301 plexum,
573 1238 796 1301 hincque
829 1239 1137 1290 Divinitatis
1176 1241 1372 1303 opinio-

302 1332 421 1367 nem
447 1317 582 1380 Regi
605 1317 893 1379 accessisse,
930 1325 987 1368 et
1027 1319 1254 1369 Heroem
1290 1322 1373 1370 ha-

301 1393 466 1442 bitum
492 1393 821 1442 Cleomenem
841 1396 1176 1461 Deorumque
1194 1397 1373 1450 filium.

303 1469 472 1543 gaddit
508 1485 670 1539 ‘porro
711 1471 863 1534 hujus
902 1472 978 1521 rei
1022 1481 1078 1523 et
1118 1476 1375 1538 opinioniS

306 1560 510 1596 causam
553 1562 580 1595 a
619 1548 939 1610 sapientibus
962 1550 1082 1599 viris
1117 1551 1376 1614 proditam

306 1629 438 1686 esse,
475 1623 616 1688 quod
668 1625 805 1673 sicut
849 1640 879 1674 e
914 1626 1078 1675 bobus
1129 1643 1272 1690 apeS,
1310 1644 1376 1678 ex

309 1701 454 1766 equis
478 1699 606 1760 fuci,
630 1716 694 1747 ex
732 1701 887 1750 asinis
924 1703 1200 1753 crabrones
1223 1720 1377 1770 geue-

307 1783 505 1839 rantur,
548 1777 621 1825 sic
677 1791 742 1825 ex
786 1778 1021 1827 humanis
1072 1781 1378 1843 corporibus

308 1860 583 1918 serpentes
607 1860 937 1905 enascantur.
1002 1858 1242 1921 Denique
1262 1873 1379 1907 con-

310 1924 476 1980 cludit
499 1947 511 1979 ς
562 1944 665 1978 non
691 1943 813 1993 ergo
838 1931 931 1980 abs
953 1946 1010 1980 re
1036 1939 1237 1982 veteres
1271 1934 1376 1983 He-

307 2007 484 2056 roibus
533 2006 782 2054 dracones
823 2021 1175 2058 consecrasse.
1241 2011 1379 2060 Dra-

309 2098 465 2134 cones
509 2083 685 2131 divino
730 2083 877 2132 cultu
924 2085 1200 2133 honoratos
1246 2085 1379 2135 affir-

309 2165 457 2208 mant
494 2172 650 2222 porro
671 2158 899 2207 AElianus
922 2159 987 2208 de
1011 2161 1217 2210 animal.
1242 2164 1311 2215 11.
1329 2167 1379 2213 2.

311 2241 392 2287 16.
418 2242 500 2287 1⁴7.
542 2244 597 2286 et
634 2234 899 2285 Plutarch.
935 2236 1027 2288 lib.
1060 2238 1128 2286 de
1151 2239 1291 2288 Iside
1325 2245 1381 2289 et

311 2314 536 2365 Osiride.

324 2406 336 2434 ε
370 2391 545 2452 Pueri,
565 2404 697 2439 sacer
729 2396 801 2439 est
835 2392 978 2455 locus]
1033 2389 1198 2443 *Adde
1224 2393 1380 2443 etiam

311 2464 413 2518 boc'
455 2467 815 2530 interdictum,
870 2483 971 2533 quo
1019 2470 1165 2532 pueri
1209 2470 1384 2519 deter-

315 2554 525 2595 reantur
570 2560 601 2594 a
641 2545 921 2608 polluendo
964 2546 1200 2595 sordibus
1238 2547 1385 2610 loco;

313 2636 444 2671 neve
469 2622 575 2670 illic
598 2621 795 2670 meiant
818 2638 831 2669 ι
888 2622 1025 2685 quod
1050 2625 1245 2686 grande
1269 2624 1385 2673 etat

315 2698 474 2749 nefas.
556 2698 738 2748 Horat.
777 2696 837 2747 in'
872 2699 1036 2748 Arte:
1090 2701 1106 2728 ‘
1132 2700 1384 2750 Minxerit

312 2775 601 2841 in'patrios
638 2775 874 2825 cineres!
938 2776 1076 2826 Vide
1105 2789 1218 2841 quae
1259 2778 1384 2827 Sue-

312 2858 421 2902 ton.
468 2853 536 2900 (le
577 2852 790 2901 Nerone
831 2852 959 2903 lotio
997 2854 1381 2904 contaminante

312 2930 449 2980 Deae
489 2930 838 2980 simulacrum.
925 2929 1029 2979 Sed
1068 2937 1143 2992 et,
1183 2931 1382 2980 urinam

246 3061 251 3067 ,
312 3004 486 3073 {jacere
507 3005 572 3054 ad
596 3012 793 3055 statuas
816 3006 1138 3070 Principum,
1157 3008 1383 3071 capitale

314 3076 491 3147 fixisse,
514 3086 673 3134 docet
701 3086 862 3135 AElius
880 3086 1184 3149 Spartianus
1205 3086 1256 3134 in
1280 3087 1383 3137 An·

316 3162 495 3211 tonino
549 3162 850 3222 Caracall03
918 3162 1006 3211 ubi
1032 3162 1127 3212 -sic
1183 3162 1381 3214 refertt

316 3238 332 3266 ‘
354 3238 601 3288 Damnati
625 3245 744 3287 sunt
779 3253 842 3287 eo
886 3245 1118 3301 tempore
1156 3239 1244 3304 qui
1285 3241 1387 3289 uri-

319 3330 435 3365 nam
476 3329 540 3365 eo
578 3315 692 3364 loco
727 3314 983 3378 fecerant,
1006 3317 1060 3364 in
1097 3332 1197 3381 quo
1238 3323 1388 3367 erant

317 3393 566 3458 imagines
589 3393 881 3456 Principis,'
913 3397 1013 3444 ὅτε.

330 3472 361 3507 ·'
386 3470 551 3523 Extra
573 3471 750 3533 meiite]
794 3469 1157 3534 Metaphorice
1197 3470 1388 3533 signifi·

323 3553 454 3597 cat:
527 3561 558 3595 o
605 3545 790 3595 Poe'tae
834 3546 1064 3609 Satirici,
1117 3562 1389 3597 censuram

323 3631 549 3674 vestram
581 3624 680 3671 alio
703 3621 1002 3678 transferre
1012 3624 1264 3689 quolibet,
1287 3640 1392 3675 mo-

323 3700 393 3750 do
418 3701 482 3749 ab
508 3701 588 3748 his
614 3699 939 3750 abstineatis.

338 3783 486 3829 114
522 3778 750 3843 Discedo]
787 3778 1053 3843 Siquidem
1075 3780 1153 3829 his
1177 3794 1393 3844 parcen-

325 3808 467 3917 dum,
503 3870 621 3919 quae
674 3863 796 3905 sunt
845 3856 1064 3906 maxime
1118 3857 1393 3919 repr-eben

324 3933 469 3983 siene
495 3934 668 3995 digna,
689 3933 857 3996 inquit
879 3920 1109 3997 Persius,
1125 3935 1244 3984 hinc
1269 3935 1394 3985 mihi

326 4010 741 4073 demigrandum.
805 4009 956 4060 Abeo
979 4012 1191 4075 itaque;
1225 4014 1311 4061 vix
1341 4028 1395 4062 e-

328 4088 432 4138 nim
458 4088 580 4137 mihi
603 4097 943 4149 temperarem
984 4086 1069 4153 (ut
1107 4087 1256 4137 initio
1288 4104 1395 4138 mo-

1517 1163 1681 1214 Secuit
1704 1165 1939 1229 Lucilius]
1994 1165 2229 1230 Seipsum
2254 1163 2524 1228 redarguit

1453 1241 1694 1291 Persius:
1722 1244 1893 1291 Eccur
1910 1257 2031 1291 vero
2059 1242 2358 1291 discedam?
2383 1241 2523 1293 Quid

1452 1318 1675 1367 verebor
1697 1317 1888 1382 facere,
1908 1319 2046 1384 quod
2072 1327 2190 1368 ante
2215 1333 2296 1367 me
2317 1318 2403 1367 alii
2431 1318 2522 1367 im-

1453 1391 1593 1459 pune
1616 1393 1890 1446 fecerunt?

1518 1472 1753 1537 Lucilius]
1778 1520 1786 1529 ,
1820 1474 1878 1523 C.
1917 1474 2141 1523 Lucilius
2169 1473 2362 1541 primus
2385 1473 2526 1535 apud

1455 1549 1708 1597 Romanos
1748 1549 1944 1598 Satiras
1981 1549 2203 1612 scripsit.
2274 1547 2350 1598 Ac
2391 1550 2527 1600 sicut

1459 1625 1711 1674 Lucilium
1766 1625 2034 1686 HoratiuS‚
2081 1627 2354 1676 Horatium
2399 1627 2527 1676 Per-

1457 1702 1582 1761 sius,
1607 1703 1734 1751 alios
1774 1718 1950 1752 omnes
1985 1704 2254 1755 Juvenalis
2295 1705 2526 1754 imitatus

1458 1785 1572 1839 est3
1624 1780 1696 1829 sic
1735 1781 1962 1829 Lucilius
1998 1786 2206 1829 secutus
2228 1779 2401 1829 fuerat
2424 1781 2528 1829 En-

1457 1855 1599 1903 nium
1623 1863 1678 1905 et
1701 1855 1935 1905 Accium.
2004 1857 2192 1906 Horat.
2229 1857 2337 1905 Sat.
2377 1871 2416 1904 1.
2444 1860 2525 1906 10.

1457 1930 1475 1959 ‘
1499 1932 1588 1980 Nil
1642 1933 1800 1981 comis
1850 1932 2053 1995 Tragici
2094 1938 2263 1981 mutat
2302 1932 2527 1982 Lucilius

1458 2006 1628 2056 Acci?
1682 2009 1804 2055 Non
1844 2008 1978 2056 ridet
2009 2022 2186 2056 versus
2210 2005 2343 2055 Enni
2366 2007 2530 2070 gravi-

1460 2088 1571 2130 tate
1606 2084 1825 2132 minores
1843 2084 1875 2133 ?’
1942 2085 2187 2133 Coaevum
2224 2084 2382 2135 fuisse
2423 2085 2533 2135 Sci-

1424 2222 1431 2227 ·
1461 2161 1602 2224 pioni
1629 2160 1872 2210 Africano
1907 2168 2132 2211 testatur
2166 2162 2302 2210 idem
2340 2161 2528 2211 Horat.

1462 2240 1570 2287 Sat.
1594 2253 1659 2287 11.
1687 2244 1732 2288 1.
1759 2240 1847 2288 ubi
1873 2247 1926 2287 et
1950 2240 2071 2288 alibi
2097 2240 2285 2302 passim
2325 2240 2376 2287 in
2411 2240 2528 2288 Ser-

1460 2316 1698 2376 monibus
1749 2316 2003 2365 Lucilium
2050 2316 2215 2380 carpit
2256 2317 2531 2380 mordicus,

1464 2406 1753 2456 quanquam
1779 2408 1965 2456 magno
2005 2393 2117 2442 aliis
2157 2393 2207 2441 in
2244 2394 2414 2456 pretio
2453 2392 2533 2442 fu·

1464 2469 1566 2518 isse
1591 2469 1848 2531 refertur3
1900 2486 1996 2520 nec
2022 2487 2162 2522 suam
2200 2472 2300 2535 ipsi
2322 2471 2531 2522 laudem

1466 2538 1697 2597 detrabit
1736 2548 1955 2600 Quintil.
1993 2549 2084 2597 lib.
2109 2562 2164 2599 Χ.
2235 2549 2401 2598 Natus
2442 2563 2533 2598 no-

1465 2622 1558 2671 bili
1595 2625 1713 2672 loco
1752 2638 1816 2671 ex
1860 2623 2071 2672 Arunca
2110 2623 2351 2680 Ausoniae
2384 2625 2531 2685 urbe,

1464 2714 1595 2748 anno
1618 2715 1718 2748 uno
1742 2708 2020 2764 antequam
2042 2702 2249 2750 veniret
2272 2702 2533 2763 Carthago

1463 2776 1515 2825 in
1557 2778 1905 2826 Romanorum
1946 2784 2278 2841 potestatem.
2363 2779 2538 2842 Scrip-

1464 2855 1589 2903 sisse
1634 2855 1826 2903 dicitur
1873 2854 2156 2903 Satirarum
2202 2854 2356 2903 libros
2396 2856 2537 2917 plus·-

1463 2948 1614 2997 quam
1672 2934 1915 2997 triginta:
1979 2940 2034 2982 at
2070 2941 2421 2997 pervenerunt
2466 2933 2536 2982 ad

1464 3024 1554 3057 nos
1578 3007 1870 3073 fragmenta
1904 3015 2105 3061 tantum
2141 3010 2355 3074 aliquot.
2423 3010 2535 3061 Cri-

1465 3084 1621 3134 nitus.

1535 3160 1731 3226 Urbem]
1798 3158 2012 3212 Romam
2054 3169 2109 3212 et
2148 3163 2533 3228 potentissimos

1467 3238 1814 3289 Romanorum
1898 3241 2147 3291 acerrime
2228 3241 2533 3290 insectatus·

1469 3316 1655 3366 Horat.
1681 3317 1787 3366 Sat.
1810 3331 1849 3368 1.
1873 3322 1950 3367 10.
1971 3317 1987 3344 ‘
2010 3317 2127 3366 Sale
2151 3318 2315 3365 multo
2337 3317 2546 3377 Urbem,

1468 3392 1751 3443 defricuit.'
1840 3396 1909 3443 Et
1945 3394 2034 3443 lib.
2060 3408 2121 3443 11.
2157 3395 2264 3444 Sat.
2299 3398 2343 3442 1.
2381 3393 2396 3420 ‘
2424 3394 2537 3443 Pri-

1468 3485 1640 3520 mores
1696 3473 1876 3535 populi
1928 3472 2147 3535 arripuit
2191 3471 2537 3534 populumque

1470 3545 1744 3596 tributim.²
1828 3548 2067 3599 Juvenal.
2111 3547 2218 3596 Sat.
2265 3560 2303 3596 1.
2358 3546 2536 3597 ‘Ense

1470 3623 1616 3671 velut
1650 3623 1833 3672 stricto
1871 3623 2067 3688 quoties
2089 3622 2317 3671 Lucilius
2350 3614 2537 3672 ardens

1472 3699 1745 3749 lnfremuit
1760 3700 1794 3749 ?’

1539 3783 1634 3826 115
1674 3779 1759 3840 Te,
1781 3778 1939 3841 Lupe‚·
1983 3781 2047 3837 te,
2068 3776 2229 3838 Muci]
2286 3775 2538 3826 Nomina-

1474 3855 1570 3904 tim
1613 3855 1770 3904 etiam
1816 3869 2032 3917 carpere
2077 3868 2228 3902 ausus
2274 3859 2358 3901 est
2401 3852 2540 3901 inter

1473 3933 1601 3982 alios
1624 3933 1827 3981 nobiles
1841 3932 1995 3991 viroS,
2015 3931 2149 3981 Pub.
2171 3929 2419 3979 Rutilium
2439 3929 2538 3977 Lua-

1475 4024 1600 4075 pum
1621 4010 1914 4071 Consulem,
1938 4016 1991 4057 et
2005 4008 2178 4056 Titum
2196 4006 2427 4055 Mucium
2450 4005 2542 4054 Al-

1478 4071 1678 4137 butinm
1720 4086 1872 4134 valde
1916 4090 2185 4147 potentem
2233 4083 2416 4142 virum,
2465 4081 2543 4130 his

329 4164 433 4215 nui‘
472 4165 795 4227 petulantem
839 4163 962 4211 mibi
1016 4164 1205 4212 lienem
1260 4163 1399 4229 esse)
1481 4163 1689 4228 quidem
1715 4163 1961 4225 versibus,
1997 4176 2124 4225 quos
2162 4161 2319 4209 etiam
2355 4161 2540 4209 Cicero

331 4244 451 4309 quin
506 4243 718 4292 satirica
752 4242 997 4292 libertate
1027 4250 1208 4292 uterer
1241 4243 1294 4291 iu
1323 4242 1402 4291 his
1482 4239 1635 4290 affert
1659 4241 1774 4291 Lib.
1799 4256 1838 4290 1.
1871 4242 1936 4289 de
1968 4238 2197 4289 Finibus·

333 4323 552 4392 perinde
575 4337 635 4372 ac
659 4323 715 4373 in
738 4321 948 4371 ceteris.

2264 4237 2542 4290 ‘Graecum

1481 4323 1557 4381 te,
1572 4315 1776 4382 Albuti,
1797 4332 1947 4384 quam
1968 4318 2253 4368 Romanum
2273 4321 2432 4381 atque
2451 4314 2544 4366 Sa·
