3084 4934
1178 430 1185 443 .
1249 387 1533 439 Sarma
1580 388 1665 439 11.

337 522 468 588 Illa
496 523 628 589 sibi
663 524 1014 593 introrsum
1039 531 1108 591 et
1135 528 1260 592 sub
1289 526 1521 610 lingua·
1542 526 2029 615 immurmurat:
2077 524 2138 589 Ο
2168 527 2230 593 si
2335 556 2344 561 ·

336 625 591 693 Ebullit
614 632 919 713 patruuS,
949 629 1349 714 praeclarum
1376 628 1575 709 funus
1601 627 1617 692 !
1661 632 1753 706 et,
1801 626 1862 693 Ο
1896 629 1956 693 si

2463 368 2552 438 m

2463 584 2553 696 io

323 811 556 878 fidelitas,
572 812 668 861 isla
698 818 866 877 aperte
899 810 1248 878 postulantur,
1270 820 1410 878 atque
1436 814 1508 864 ita
1526 818 1581 863 at
1598 820 1822 863 extentus
1837 813 2087 879 percipiat.
2154 812 2231 863 At
2252 828 2437 864 avarus
2456 814 2556 864 koec

331 892 506 943 semu,
536 878 682 942 intus,
704 884 752 928 et
789 880 874 929 sub
907 881 1072 943 lingua
1109 883 1357 930 mussitat.-
1390 881 1575 931 uinum
1603 881 1803 945 prodeat
1843 895 2016 946 pompa
2048 878 2270 940 funebris
2316 884 2556 930 mudum

1265 1044 1291 1063 O
1296 1044 1318 1062 Ο
1326 1043 1440 1063 “OO
1445 1043 1528 1063 “O
1535 1043 1620 1064 O‘O

326 1172 433 1226 sed
466 1172 668 1237 Graeci,
701 1175 1068 1227 Contributa—9
1100 1182 1366 1227 murmurat
1407 1177 1603 1228 c.-1o
1635 1175 1807 1225 ebullet
1830 1175 1977 1226 Edit.
2002 1176 2312 1242 Stephe-ll
2348 1174 2558 1241 (trepidet

1338 1325 1556 1379 NOTAE

334 1449 509 1501 dinem
533 1453 709 1518 animi,
729 1454 921 1506 deinde
941 1459 1213 1523 corporis?

400 1529 528 1578 Hoec
540 1530 692 1594 clare]
744 1532 983 1584 Honesta
1004 1536 1090 1587 illa
1116 1544 1239 1588 vota
1259 1553 1407 1602 aper-

337 1612 393 1656 te
414 1614 805 1672 nuncupantur,
817 1617 882 1660 et
903 1618 965 1661 ut
997 1613 1165 1664 audiri
1192 1615 1257 1665 ab
1291 1616 1405 1665 hos-

334 1685 444 1749 pite
457 1699 560 1733 non
584 1686 753 1749 pudor
771 1687 870 1737 sit:
894 1689 999 1752 vel,
1021 1690 1134 1741 haec
1156 1692 1297 1742 clare
1315 1707 1405 1756 pe-

336 1768 517 1811 tuntur
551 1763 618 1812 ad
653 1765 1014 1817 ostentandam
1054 1769 1400 1832 probitatem:

333 1837 472 1887 unde
509 1844 567 1888 et
601 1839 769 1890 audiri
803 1842 868 1892 ab
906 1843 1020 1893 aliis
1059 1843 1277 1896 affectat
1310 1847 1402 1897 ille

332 1914 423 1978 qui
445 1922 711 1978 precatur.
777 1916 914 1968 Vide
937 1933 1107 1984 supra.

397 1989 611 2056 Hospes]
652 1991 874 2042 Ponitur
903 2009 1000 2059 pro
1037 1997 1271 2059 quolibet
1309 2014 1399 2049 ex·

331 2074 516 2117 terno:
554 2070 766 2134 proprie
788 2085 913 2121 vero
932 2072 1128 2123 dicitur
1147 2074 1237 2140 qni
1259 2081 1403 2126 tecto

329 2145 534 2209 excipit
555 2146 884 2210 peregrinum
914 2156 973 2199 et
1003 2156 1294 2215 externum,
1316 2167 1404 2216 pa·

333 2221 466 2273 riter
484 2228 541 2271 et
573 2222 664 2287 qni
696 2223 979 2289 excipitur.
1013 2227 1148 2276 Tull.
1176 2242 1271 2291 pro
1294 2230 1404 2278 De-

323 2299 534 2364 jotar03
574 2300 716 2350 ‘Per
749 2300 990 2352 dextram
1031 2303 1204 2367 istam,
1249 2320 1403 2370 quam

334 2376 520 2442 hospes
541 2376 734 2440 hospiti
755 2379 1067 2441 porrexisti!
1108 2381 1266 2431 ovid.
1292 2383 1406 2435 Me-

336 2461 523 2504 tamor.
560 2469 601 2506 1.
647 2458 663 2485 ‘
687 2455 806 2505 Non
845 2457 1031 2522 hospes
1075 2458 1141 2508 ab
1197 2461 1401 2525 hospite

338 2531 517 2581 tutus.’
1066 2583 1072 2587 .

397 2612 432 2658 9
465 2608 673 2659 Iit-sibi
695 2610 976 2677 introrsum]
1007 2613 1261 2667 Quaedam
1282 2629 1403 2665 vero

335 2700 437 2736 non
480 2687 578 2736 nisi
618 2687 770 2751 clam,
805 2687 940 2738 intra
973 2689 1176 2755 dentes,
1220 2698 1276 2742 et
1327 2692 1407 2752 inq

337 2770 419 2813 tus
453 2769 640 2828 petere
673 2764 888 2827 audent,
918 2766 1118 2818 scilicet
1148 2783 1403 2832 quaecnm·

336 2854 438 2907 que
458 2840 695 2904 improba
716 2848 836 2891 sunt
857 2848 913 2891 et
934 2842 1223 2895 inhonesta.
1290 2845 1404 2894 Du-

335 2918 460 2982 plex
495 2910 660 2981 igitur
691 2917 874 2982 culpat
906 2918 1015 2969 voti
1048 2933 1234 2983 genus:
1275 2921 1404 2971 alte-

334 3009 445 3045 rum
465 2995 606 3060 quod
625 2995 922 3059 introrsum,
945 3003 1000 3046 et
1018 2997 1248 3048 seductis
1268 2999 1407 3063 Diis,

337 3072 492 3138 quale
515 3078 597 3122 est
617 3072 745 3122 illud
784 3072 925 3138 apud
951 3073 1138 3124 Horat.
1161 3075 1278 3125 loco
1314 3075 1404 3125 cit.

335 3149 425 3198 lib.
451 3163 493 3199 1.
528 3150 682 3214 epist.
704 3153 786 3200 lo.
820 3156 877 3200 et
914 3150 1053 3215 apud
1093 3150 1252 3201 Ovid.
1293 3152 1407 3202 loco

334 3226 493 3278 etiam
510 3241 631 3276 mox
646 3226 806 3276 allato
820 3226 964 3278 Fast.
981 3233 1030 3277 5.
1055 3228 1226 3293 qualia
1248 3228 1404 3277 etiam

338 3310 456 3354 sunt
478 3319 595 3370 qnae
626 3305 711 3355 hic
750 3311 931 3356 noster
962 3305 1176 3356 Persius
1215 3305 1400 3357 affert:

338 3380 560 3432 alterum
604 3387 685 3431 est
726 3381 868 3448 quod
909 3380 973 3432 fit
1017 3382 1084 3432 ad
1136 3384 1405 3434 ostentati·

336 3471 505 3521 onem,
545 3464 604 3510 ut
633 3458 762 3520 dixi,
804 3464 862 3509 et
890 3459 1048 3519 clare,
1093 3467 1152 3511 et
1191 3469 1403 3526 aperte;

336 3534 476 3599 quod
530 3541 587 3585 et
642 3534 813 3584 audiri
855 3536 1090 3600 petitnr3
1148 3543 1403 3603 vocatque

335 3611 547 3663 Persius
590 3626 819 3662 murmur
853 3619 912 3663 et
949 3613 1193 3663 humilem
1233 3628 1404 3664 susur-

335 3705 470 3818 ηπ
512 3765 722 3829 libauit]
787 3766 895 3817 Pro
944 3766 1216 3826 ebulliet-it,-
1269 3767 1407 3818 sicut

331 3844 508 3905 dadin,
545 3859 642 3910 pro
662 3843 872 3893 dederim
886 3858 906 3902 ‚-
937 3843 1090 3904 viset,
1127 3857 1223 3907 pro
1255 3843 1404 3894 uixis-

332 3927 443 3982 set5
473 3921 676 3971 AEneid.
697 3932 782 3970 ιι.
820 3924 1032 3971 vs.118.
1065 3922 1296 3985 metaph.
1333 3922 1400 3972 ab

337 4013 472 4064 aqua
499 3997 804 4057 ebulliente,
841 4011 956 4063 quae
1001 3997 1306 4048 intumescit
1344 4005 1404 4050 et

236 4068 242 4075 ⁶
335 4074 520 4127 effluit.
586 4075 676 4126 Ita
696 4075 799 4138 legi
822 4072 1043 4125 affirmat
1065 4074 1403 4126 Casaubonus

337 4156 392 4206 in
409 4153 777 4220 antiquissimis
799 4151 1084 4203 codicibus.
1130 4153 1265 4204 Vide
1278 4153 1409 4204 Pro·

339 4232 483 4284 verb.
505 4246 626 4296 cap.
649 4236 730 4282 15.
754 4245 831 4280 vs.
855 4234 907 4280 2.
928 4231 1072 4295 vulg.
1096 4230 1225 4281 edit.
1292 4231 1406 4281 Cic.

336 4311 488 4364 Tusc.
511 4322 599 4362 m.
619 4323 738 4374 cap.
758 4312 844 4360 42.
865 4311 968 4360 ὅτε.
1046 4306 1295 4369 Nonnulli
1327 4322 1408 4360 re·

1489 1457 1762 1524 fragantur
1804 1464 1996 1521 tamen,
2029 1462 2086 1507 et
2130 1456 2329 1507 malunt
2367 1455 2558 1518 chelm,

1487 1536 1554 1585 ab
1592 1535 1758 1599 ebullo,
1803 1550 1889 1584 us:
1917 1541 1978 1586 ut
2016 1534 2083 1584 sit
2114 1548 2308 1598 sensus,
2357 1534 2556 1583 utinam

1487 1616 1633 1663 velut
1653 1612 1792 1663 bulla
1814 1618 2065 1677 appareat
2087 1617 2142 1662 et
2171 1611 2348 1661 statim
2374 1616 2559 1674 postea

1485 1695 1796 1739 evanescat:
1819 1687 2096 1738 alludendo
2120 1687 2185 1736 ad
2208 1685 2338 1737 illud
2359 1687 2556 1736 Teren·

1485 1768 1548 1817 tii
1570 1767 1836 1829 Varronis,
1879 1767 2014 1815 homo
2036 1764 2177 1814 bullo.
2249 1763 2423 1828 Hujus
2447 1764 2560 1829 qui·

1483 1845 1601 1894 dem
1623 1843 1900 1893 sententiae
1937 1830 2178 1891 auctores
2213 1840 2436 1905 priorem
2471 1854 2557 1888 ve-

1480 1924 1562 1972 lut
1596 1923 1825 1986 ineptam
1848 1918 2148 1985 suggillant,
2188 1917 2280 1968 sed
2308 1931 2413 1982 quo
2436 1918 2557 1981 jure

1479 2013 1585 2049 nou
1607 1999 1780 2049 video.

1548 2074 1783 2138 Patruus]
1834 2072 2009 2124 Patrai
2032 2072 2176 2137 dixit
2199 2071 2374 2137 potius
2402 2082 2556 2138 quam

1483 2152 1566 2201 avi
1587 2152 1760 2215 optari
1794 2155 2035 2208 mortem,
2068 2146 2206 2197 forte
2242 2147 2361 2212 quia
2386 2148 2556 2211 patrui

1483 2227 1819 2293 utplurimum
1840 2240 2058 2277 censura
2095 2224 2318 2287 molesti,
2354 2230 2415 2272 nt
2450 2223 2558 2273 dixi

1480 2306 1592 2356 Sat.
1637 2319 1678 2355 1.
1741 2306 1812 2355 Et
1845 2303 2033 2353 Horat.
2072 2300 2159 2351 lib.
2204 2314 2295 2351 ιιι.
2336 2299 2435 2350 ode
2477 2302 2558 2352 12.

1481 2384 1497 2412 ‘
1522 2383 1827 2433 Metuentes
1852 2386 2054 2445 patruae
2080 2378 2298 2429 verbera
2334 2376 2558 2442 linguae!

1551 2461 1844 2511 Proeclarum
1884 2458 2075 2522 funus]
2151 2456 2250 2507 Vel
2294 2454 2553 2506 funalibus

1483 2537 1831 2602 splendidum,
1853 2540 1910 2585 et
1954 2540 2205 2599 apparatu
2243 2539 2299 2583 et
2348 2533 2560 2598 exequi-

1483 2629 1627 2664 arum
1685 2628 1874 2679 pompa
1917 2611 2265 2678 magnificum.
2365 2610 2557 2676 virgil.

1485 2691 1689 2742 AEneid.
1725 2703 1805 2740 xi.
1831 2705 1905 2739 vs.
1931 2692 2046 2740 143.
2066 2690 2082 2718 ‘
2108 2690 2371 2739 Funereas
2407 2702 2559 2754 rapu-

1484 2782 1575 2816 ere
1614 2764 1777 2830 faces‚
1819 2766 1964 2816 lucet
2004 2764 2090 2815 via
2146 2766 2299 2828 longo
2355 2764 2557 2814 Ordine

1482 2843 1822 2908 flammarum,
1837 2850 1895 2894 et
1911 2844 2017 2893 late
2032 2843 2357 2894 discriminat
2371 2842 2560 2906 agros?

1485 2922 1604 2984 Vel,
1627 2920 1765 2986 quod
1791 2920 2000 2987 haeredi¹
2025 2920 2175 2989 avido
2198 2920 2554 2983 expetendum

1486 3005 1544 3049 et
1561 3005 1908 3063 quaestuosum
1933 2996 2050 3048 erit.
2122 2997 2345 3048 Quidam
2366 3011 2457 3061 per
2476 2995 2557 3046 fu-

1489 3090 1586 3125 nus
1610 3074 1908 3138 intelligunt
1925 3074 2254 3137 sepulcrum:
2293 3081 2352 3124 ut
2375 3088 2556 3124 sensus

1489 3151 1591 3201 sit:
1629 3150 1825 3201 utinam
1862 3149 2131 3214 aperiatur
2153 3158 2209 3199 et
2239 3156 2356 3200 ruat
2378 3164 2475 3214 per
2499 3164 2556 3200 se

1488 3228 1663 3295 patrui
1685 3228 1788 3278 mei
1803 3228 2123 3291 sepulcrum,
2141 3231 2201 3276 ut
2222 3240 2339 3276 cum
2362 3226 2557 3277 violare

1487 3312 1544 3356 et
1566 3319 1808 3370 rumpere
1842 3302 1971 3352 illud
2013 3317 2115 3353 uon
2140 3302 2376 3366 audeam,
2409 3310 2556 3353 certe
2590 3297 2598 3307 '

1486 3385 1563 3435 sic
1599 3382 1861 3448 adipiscar
1881 3395 2059 3431 aurum
2082 3381 2135 3429 in
2157 3395 2222 3430 eo
2257 3380 2558 3432 conditumz

1486 3475 1677 3526 nempe
1715 3467 1920 3510 veteres
1951 3473 2126 3509 secum
2145 3456 2406 3522 jubebant
2437 3472 2559 3509 suos

1485 3538 1753 3589 thesauros
1787 3534 2012 3600 sepeliri.
2080 3534 2152 3584 Et
2186 3534 2561 3599 Josephuere·

1484 3615 1592 3667 fert
1609 3629 1639 3665 e
1654 3614 1879 3666 Davidis
1899 3611 2141 3675 sepulcro
2162 3616 2312 3660 eruta
2334 3612 2556 3661 talento·

1487 3706 1602 3742 rum
1624 3690 1737 3740 auri
1755 3690 1859 3739 tria
1878 3688 2041 3738 millia
2074 3689 2141 3737 ab
2177 3685 2429 3750 Hit-cauo,
2466 3688 2558 3755 qni

1487 3770 1565 3821 sic
1581 3768 1648 3819 ab
1665 3767 1941 3819 obsidente
1964 3780 2021 3817 se
2043 3764 2306 3816 Antiocho
2325 3766 2557 3816 redeme-

1487 3849 1559 3899 rit
1623 3847 1757 3897 datis
1813 3843 2085 3895 trecentis.
2187 3843 2321 3894 Haec
2384 3850 2556 3894 tamen

1483 3925 1661 3990 opinio
1687 3924 1856 3972 minus
1874 3919 2088 3970 arridet.
2154 3918 2260 3969 Alii
2281 3921 2553 3985 explicant

1483 4016 1665 4053 vocem
1712 4001 2017 4065 preclarum,
2074 3997 2220 4061 quasi
2278 3997 2365 4063 qui
2403 3996 2558 4048 funus

1488 4085 1639 4143 optat
1661 4077 1842 4127 videre
1865 4073 2059 4140 patrui,
2079 4075 2190 4138 ejus
2228 4080 2430 4125 tautum
2453 4077 2562 4142 gle-

1486 4156 1618 4207 riam
1636 4159 1693 4205 et
1706 4155 1951 4202 honorem
1967 4151 2161 4200 intueri
2179 4150 2437 4218 videatur,
2454 4167 2558 4205 non

1486 4246 1633 4282 suam
1654 4228 2000 4296 cupiditatem
2022 4226 2316 4279 ostendere.
