3084 4934
1152 400 1425 469 &nasis

342 559 656 627 loe-Avia]
711 560 842 617 Quae
880 567 1028 613 tanto
1074 569 1315 628 tempore
1355 563 1408 613 in

343 640 515 690 animo
554 640 664 705 ejus
699 639 1006 707 habitarint,
1041 648 1101 691 ut
1130 642 1243 706 jam
1275 642 1409 692 avia».

343 718 547 768 censeri
581 719 796 783 possint,
829 727 886 768 et
924 720 1052 769 alias
1095 728 1250 785 atque
1284 721 1411 770 alias

343 795 616 861 opiniones
634 810 663 844 e
686 811 740 844 se
766 795 1071 859 produxisse
1097 813 1110 846 ε
1158 798 1259 858 vel,
1282 811 1409 862 quas

343 874 475 936 puer
512 887 577 922 ex
606 874 716 923 avia
748 874 1010 924 didicerit.
1079 874 1410 925 Casaubouus

342 962 441 1015 per
465 957 644 1001 veteres
674 952 806 1001 avias
839 952 1087 1016 inteiligit
1115 952 1410 1018 opinionem

341 1027 628 1080 nobilitatis
661 1040 713 1080 et
752 1031 1099 1094 arrogantiam
1125 1035 1411 1091 ventosam,

341 1105 666 1170 cujns'sedes
690 1107 741 1155 in
768 1108 1024 1171 pulmone.
1057 1107 1230 1157 Lubin.

407 1184 473 1232 93
508 1182 767 1248 Non,85c.]
822 1183 1043 1234 Refutat
1074 1185 1187 1249 jam
1225 1182 1409 1233 Dama!

343 1259 710 1324 objectionem,
747 1260 887 1325 quod
921 1274 1025 1310 non
1068 1261 1302 1323 praetoris
1325 1263 1412 1324 sit,

342 1334 633 1386 hominibus
676 1337 866 1401 stultis,
888 1338 1213 1401 sapientiam,
1243 1346 1299 1386 et
1320 1337 1410 1387 ho·

341 1412 565 1463 minibus
586 1414 755 1464 animo
779 1413 960 1477 servis,
977 1414 1282 1464 libertatem
1305 1413 1411 1463 ani·

339 1491 413 1541 mi
436 1488 747 1553 concedere,
771 1492 861 1541 sed
899 1491 1187 1556 sapientum
1217 1498 1274 1543 et
1304 1491 1412 1557 phi·

340 1568 682 1633 losophorum.
705 1568 1146 1633 Dum—Tenatio,
1166 1569 1273 1635 qm]
1292 1570 1414 1621 Sce-

338 1650 453 1697 lera
477 1652 534 1695 et
572 1646 764 1711 majora
795 1644 995 1711 flagitia
1028 1654 1213 1698 vetant
1252 1649 1411 1711 leges.

346 1722 517 1790 Officia
537 1738 709 1784 rernm,
744 1723 799 1772 id
832 1729 931 1787 est,
972 1724 1228 1774 servanda
1253 1725 1308 1774 in
1331 1739 1412 1775 re-

342 1806 441 1856 bus
487 1804 717 1870 agendis,
752 1819 855 1854 non
901 1804 1090 1854 docent
1126 1805 1273 1869 leges
1313 1804 1412 1858 nisi

341 1885 635 1949 παχνμερῶς.
693 1880 998 1947 Philosophi
1023 1895 1146 1931 vero
1167 1877 1411 1935 accurate

341 1961 627 2026 explicant,
660 1973 779 2025 quae
807 1958 927 2009 boni
966 1959 1065 2010 viri
1099 1959 1205 2010 sint
1225 1957 1413 2025 officia,

340 2039 396 2089 in
420 2039 560 2089 omni
576 2053 630 2088 re
649 2038 808 2088 etiam
829 2036 1064 2086 minima:
1103 2042 1229 2101 puta
1249 2037 1413 2102 victu,

339 2116 551 2181 vestitu,
580 2114 795 2181 aliisque
828 2115 987 2177 etiam
1026 2113 1419 2169 minutioribus.

345 2191 548 2243 casaub.
614 2193 713 2242 Vel
734 2194 915 2255 tenuia,
934 2204 1051 2256 qnae
1074 2189 1335 2242 subtiliter
1356 2197 1412 2241 et

340 2278 497 2323 acute
509 2272 714 2335 justum
751 2269 818 2319 ab
839 2269 1050 2336 injusto,
1074 2269 1320 2319 decorum
1343 2267 1410 2319 ab

338 2348 613 2399 inhonesto
655 2346 951 2398 discernere
996 2346 1218 2411 possint.
1274 2346 1410 2395 Tur·

336 2425 464 2476 neb.
488 2438 584 2477 xx.
606 2429 656 2475 1.

403 2508 470 2555 94
501 2504 679 2569 Atque,
699 2501 804 2568 ξω]
826 2502 891 2553 Id
908 2508 1011 2564 est,
1032 2500 1217 2561 Artem
1233 2507 1288 2551 et
1312 2499 1412 2551 sci·

338 2583 534 2635 entiam
552 2582 877 2647 permittere,
894 2587 953 2631 et
969 2581 1275 2641 concedere.
1343 2578 1411 2631 Id

339 2667 447 2723 est,
476 2659 751 2711 Rationem
787 2675 892 2727 qna
927 2660 1110 2725 aliquis
1139 2660 1272 2711 sciat
1311 2660 1410 2711 hac

340 2739 507 2789 veloci
533 2738 639 2789 vita
661 2745 807 2788 recte
840 2738 937 2789 uti.
974 2738 1148 2787 Lubias.

406 2820 470 2867 9⁵
504 2815 804 2879 Sambucam,
822 2815 930 2879 fisa]
976 2814 1154 2878 Longe
1175 2812 1332 2863 citius
1355 2818 1413 2862 et

338 2892 545 2943 facilius
583 2893 899 2952 sambucam,
921 2898 1012 2940 aut
1033 2890 1172 2940 aliud
1194 2888 1412 2954 quodvis

337 2968 751 3020 Instrumentum
790 2967 1069 3029 Musicum,
1111 2965 1237 3027 alto,
1276 2979 1411 3029 prae·

336 3045 541 3110 grandi,
561 3052 619 3095 et
647 3051 793 3095 vasto
824 3040 981 3093 alicui
1001 3042 1219 3093 militum
1239 3055 1411 3101 servo,

337 3125 395 3171 et
424 3120 592 3172 caloni
629 3118 745 3186 (qui
784 3122 958 3170 tamen
991 3119 1248 3169 Musicam
1285 3132 1412 3167 nuu-

338 3210 495 3264 quam
515 3195 726 3259 didicit)
741 3196 1021 3261 aptaveris,
1035 3204 1091 3245 et
1109 3197 1193 3245 vel
1210 3195 1409 3245 asinum

339 3275 467 3340 lyrae
489 3278 547 3324 et
568 3271 756 3323 fidibus
790 3272 1037 3324 canendis
1073 3279 1253 3337 aptum
1291 3271 1410 3322 red·

337 3349 925 3416 ‹iwerin—Sambana]
950 3351 1059 3402 Nos
1080 3349 1307 3401 nablium
1325 3351 1410 3401 vel

337 3429 555 3493 harpam
595 3440 869 3479 vocamus:
921 3434 1100 3494 potest
1136 3428 1295 3478 etiam
1335 3428 1411 3479 in·

338 3505 511 3570 telligi
532 3505 601 3556 de
635 3505 884 3555 Machina
921 3504 1130 3569 bellica,
1169 3520 1287 3571 quse
1325 3518 1412 3571 cy·

338 3585 508 3635 tliarae
543 3583 596 3633 in
631 3594 824 3633 morem
859 3582 1070 3633 funibus
1106 3582 1413 3648 intenditur,

340 3675 448 3729 qna
465 3659 752 3711 utebantur
772 3660 826 3710 in
857 3660 1243 3725 expugnatione
1265 3660 1412 3725 oppi-

337 3735 805 3802 dorum—Caleni]
831 3737 1050 3787 Calones
1064 3737 1282 3788 militum
1304 3752 1411 3788 ser·

337 3813 411 3880 vi,
444 3815 534 3879 qui
567 3813 781 3877 vallum,
809 3826 993 3880 aquam
1030 3819 1086 3864 et
1117 3814 1256 3879 ligna
1279 3811 1410 3865 fere-

340 3891 501 3942 bantz
550 3891 702 3940 κᾶλον
735 3890 873 3940 enim
912 3891 1102 3955 lignum
1133 3890 1410 3956 significat.

338 3969 547 4034 -Auo]
570 3966 827 4032 Procero,
848 3969 1020 4034 longo,
1036 3977 1093 4020 et
1112 3968 1287 4020 bardo.
1324 3968 1411 4020 Illi

339 4046 481 4097 enim
515 4045 691 4112 magni
724 4048 1034 4112 'plerumque
1079 4045 1411 4113 stupidiores.

241 4181 248 4188 ⁶
342 4124 639 4264 lag-Stat,
660 4201 766 4269 ζα]
815 4199 1008 4251 Sensus
1027 4208 1136 4252 est:
1170 4201 1312 4259 Quin
1332 4199 1415 4264 ipa

341 4293 401 4330 sa
420 4279 580 4329 etism
601 4278 826 4328 hnmana
843 4276 978 4328 ratio
998 4286 1182 4333 contra
1208 4283 1336 4343 stat,
1353 4283 1412 4328 et

338 4361 612 4427 repugnat,
648 4360 705 4411 et
746 4354 1029 4425 unicuique
1064 4356 1117 4409 in
1155 4362 1411 4410 secretam

1483 577 1658 613 aurem
1684 563 1846 615 tacite
1866 564 2065 629 gannit,
2087 569 2143 613 et
2165 563 2469 629 insusurrat,
2485 578 2552 615 ne

1485 642 1616 692 illud
1650 640 1827 693 facere
1869 644 2110 709 cuiquam
2163 642 2342 707 liceat,
2385 648 2440 692 et
2482 656 2564 693 ne·

1487 719 1602 785 quis
1646 719 1773 768 illud
1822 727 2010 779 tentet,
2049 720 2182 783 quod
2231 720 2450 782 ignorat,
2495 726 2553 787 et

1487 809 1749 861 nunquam
1770 796 1969 854 didicit,
1993 804 2047 845 et
2072 796 2210 861 quod
2242 796 2284 845 si
2310 796 2421 860 quis
2442 803 2552 844 ten-

1486 880 1563 924 tet
1592 889 1765 940 agere,
1789 873 1918 924 illud
1943 873 2145 940 agendo
2167 874 2389 923 vitiabit.
2456 870 2564 922 Est·

1485 953 1622 1002 enim
1638 954 1835 1016 gavinia,
1856 953 2085 1017 vulpium
2109 954 2389 1017 proprium.
2448 949 2552 1000 Hic

1487 1047 1584 1095 pro
1603 1042 1810 1083 secreto
1833 1032 2094 1094 admonet,
2114 1032 2238 1081 etin
2261 1044 2438 1079 aurem
2459 1029 2553 1078 im-

1484 1116 1773 1173 murmurat
1795 1116 1852 1159 et
1875 1111 2179 1158 insusurrat.
2211 1107 2385 1156 Lubin.

1548 1188 1614 1236 97
1641 1186 1795 1250 Quod,
1817 1185 1922 1249 εἷα]
1957 1185 2179 1250 Egregie
2203 1183 2369 1233 dixit:
2397 1181 2552 1237 Quod

1485 1262 1600 1326 quis
1620 1263 1824 1328 agendo
1846 1264 2182 1327 contaminat,
2214 1268 2270 1311 et
2291 1258 2472 1321 foedat,
2496 1265 2558 1309 nt

1485 1340 1530 1388 si
1550 1338 1790 1390 Medicus
1807 1339 2011 1390 fabrilia
2030 1346 2241 1390 tractet.
2283 1338 2370 1388 Ita
2392 1338 2556 1387 etiam

1486 1412 1711 1481 Praetor,
1748 1419 1791 1468 si
1820 1419 1930 1482 ipse
1959 1409 2102 1468 ‘forte
2141 1419 2349 1480 stultus,
2382 1414 2564 1466 stultis·

1486 1495 1797 1558 sapientiam
1832 1501 2049 1545 conetur
2084 1493 2361 1559 impartiri.
2398 1493 2551 1543 Idem.

1550 1574 1618 1624 98
1650 1573 1853 1624 Publica
1884 1572 1988 1637 lex]
2042 1573 2262 1623 Publica
2291 1570 2564 1620 hominum-

1485 1651 1573 1700 lex
1608 1664 1710 1699 non
1734 1650 1951 1714 scripta,
1991 1648 2085 1700 sed
2122 1650 2387 1699 nobiscum
2412 1654 2556 1710 nata,

1485 1735 1542 1777 et
1580 1728 1695 1792 ipsa
1730 1734 1914 1787 natura
1944 1727 2043 1775 hoc
2080 1723 2179 1788 fas,
2211 1725 2264 1775 id
2300 1732 2398 1784 est,
2420 1712 2556 1774 lianc

1475 1804 1737 1869 justitiam
1784 1809 1839 1853 et
1875 1803 2177 1868 aequitatem
2220 1801 2456 1853 continet
2498 1807 2555 1852 et

1485 1882 1767 1949 unicuique
1807 1883 2049 1943 dictitat;
2104 1888 2163 1932 ut
2208 1879 2556 1947 unusquisque

1487 1967 1656 2010 artem
1679 1974 1834 2026 qnam
1869 1960 2071 2023 didicit,
2098 1959 2558 2010 exerceat—Con·

1484 2038 1629 2103 tinet]
1676 2039 1739 2089 In
1763 2055 1819 2090 se
1837 2040 2221 2104 complectitur.
2247 2036 2423 2088 Lubin.

1551 2119 1618 2165 99
1657 2116 1746 2178 Ut,
1764 2116 1873 2181 θα]
1922 2116 2142 2167 Naturoe
2171 2114 2401 2180 gentium
2428 2113 2558 2178 jure

1486 2193 1835 2245 constitutum
1858 2200 1959 2256 est,
1991 2199 2050 2244 ut
2068 2191 2238 2243 debilis
2255 2190 2448 2241 inscitia
2470 2204 2558 2240 cu-

1477 2270 1773 2337 juscunque
1818 2271 1946 2321 artis
1975 2269 2266 2334 imperitus,
2304 2274 2362 2319 et
2395 2282 2558 2333 prop-

1486 2355 1635 2397 terea
1651 2348 1906 2412 impotens
1927 2348 1990 2396 ad
2006 2347 2147 2396 illam
2171 2344 2513 2396 exercendam
2540 2359 2555 2393 ι

1485 2439 1604 2474 nam
1628 2425 1891 2489 imperitia
1913 2422 2141 2486 ἂδυναμῐα
2170 2423 2406 2489 quaedam
2438 2428 2557 2485 est3

1484 2506 1646 2553 teneat
1665 2503 1855 2565 vetitos,
1873 2501 1927 2551 id
1951 2508 2061 2566 est,
2078 2502 2272 2551 habeat
2306 2514 2403 2567 pro
2424 2500 2557 2551 veti·

1486 2580 1555 2630 tis
1594 2594 1657 2630 ac
1698 2579 1799 2630 sibi
1843 2579 2137 2630 interdictis
2175 2584 2309 2629 actus
2351 2593 2558 2644 nempe,

1487 2671 1618 2723 quos
1641 2658 1822 2708 nescit.
1859 2655 2337 2721 Canache—Teneat]
2370 2656 2431 2707 Id
2455 2663 2560 2720 est,

1487 2737 1773 2797 contineat,
1809 2734 2059 2794 inhibeat,
2080 2741 2135 2784 et
2157 2735 2300 2800 quasi
2335 2746 2559 2803 remoress

1487 2817 1606 2872 tnr;
1644 2818 1698 2861 et
1721 2810 1913 2875 malim,
1935 2811 2005 2861 Ut
2019 2816 2196 2872 teneat,
2220 2810 2559 2861 substituere.

1485 2888 1747 2938 —Vetitos
1783 2888 1936 2951 actm]
1982 2888 2260 2950 Sublimes,
2299 2885 2562 2951 difficiles,

1486 2963 1591 3014 tuis
1607 2965 1835 3015 humeris
1859 2970 1915 3015 et
1928 2963 2123 3014 viribus
2146 2964 2389 3028 majores,
2412 2969 2472 3014 et
2491 2963 2558 3014 ob

1487 3040 1830 3107 ignorantiam
1846 3039 1940 3091 tibi
1955 3030 2243 3104 prohibitos
2268 3046 2324 3090 et
2345 3040 2556 3091 vetitos.

1486 3116 1640 3169 Idem.

1551 3199 1650 3245 loo
1681 3194 1993 3261 Dilnis,q·c.]
2022 3194 2337 3247 Confirmat
2361 3195 2561 3262 superi-

1484 3286 1626 3322 orem
1661 3273 2068 3337 propositionem
2103 3274 2271 3324 adhuc
2309 3272 2557 3324 similibus

1485 3350 1551 3400 ab
1587 3355 1701 3399 arte
1732 3348 1955 3413 medica,
1977 3354 2031 3399 et
2061 3362 2242 3401 navem
2279 3350 2558 3416 agendi.—

1484 3423 1673 3490 Dilnis]
1726 3425 1854 3476 Cum
1880 3425 1991 3475 aliis
2013 3426 2557 3490 pharmacis‘commis·

1485 3516 1577 3554 ces
1599 3510 1655 3553 et
1674 3508 2010 3569 temperas.—
2019 3504 2313 3570 Elleborum]
2347 3506 2463 3555 Quo
2482 3505 2557 3555 in-

1486 3596 1642 3631 sanus
1668 3581 1748 3631 vel
1766 3590 1989 3647 aegrotus
2011 3593 2282 3648 purgetur.
2328 3581 2432 3632 Hic
2459 3592 2557 3646 pro

1486 3658 1670 3723 quovis
1692 3659 2071 3711 medicamento
2093 3660 2558 3728 punitum—Certo,

1482 3737 1593 3802 ξω]
1609 3736 1728 3787 Non
1753 3737 1817 3786 ad
1836 3736 2100 3801 trutinam,
2118 3737 2211 3788 sed
2225 3737 2289 3787 ad
2309 3744 2558 3787 stateram

1484 3812 1685 3875 retulit,
1700 3828 1817 3878 quoe
1830 3814 2036 3880 punctis
2052 3820 2109 3865 et
2125 3814 2290 3873 unciis
2301 3814 2557 3878 signatur.

1493 3886 1602 3941 Vct.
1625 3889 2087 3955 Scb.—Certo,&c.]
2136 3891 2376 3957 Metaph.
2400 3908 2433 3941 a
2454 3900 2560 3943 sta·

1507 406 1670 468 sair.
1718 420 1789 468 v,

1486 3974 1619 4020 tera.
1686 3968 1748 4017 Id
1772 3976 1872 4032 est,
1903 3968 2087 4020 debito
2121 3970 2373 4036 pondere,
2415 3986 2559 4021 rnen·

1484 4059 1627 4107 sura,
1647 4051 1702 4095 et
1722 4045 2081 4112 proportione,
2102 4046 2165 4096 ad
2200 4052 2450 4097 stateram
2472 4063 2559 4097 ex-

1485 4123 1731 4186 aminata,
1775 4135 1843 4172 ne
1887 4122 2002 4187 plus
2046 4123 2279 4175 minusve
2333 4125 2558 4175 medica·

1485 4199 1667 4264 menti,
1697 4212 1855 4263 quam
1894 4213 1992 4265 par
2030 4205 2130 4262 est,
2165 4207 2361 4266 egroto
2386 4201 2557 4267 propiss·

1482 4275 1990 4342 nem—Compescere]
2039 4274 2379 4343 Temperare,
2401 4277 2561 4331 corri-

1484 4366 1630 4422 gere,
1650 4351 1944 4405 emendare.
1976 4350 2147 4405 Lab-fn.
