3084 4934
1220 395 1508 445 ‘SA'NRA
1551 395 1678 451 ’ΠΗ
1773 400 1782 409 ’

2452 381 2564 473 ,75

337 545 642 630 Pingue:
688 550 869 612 caret
895 542 1133 627 culpa:
1173 541 1414 618 nescit,
1444 541 1608 626 quid
1637 540 1910 626 perdat3
1955 545 2045 621 et,
2075 542 2212 609 alto

338 644 732 726 Demersus»,
763 664 1018 711 summa
1038 663 1174 708 non
1201 662 1425 707 rin-sus
1451 644 1646 709 bullit
1674 646 1743 709 in
1769 645 1973 710 unda.
2015 672 2022 679 ·

423 749 676 833 Magne
703 755 896 835 pater
925 747 1203 824 Divum,
1234 765 1460 812 saevos
1484 748 1720 831 punire
1747 752 2061 832 tyrannos

338 851 556 916 Haud
582 853 723 917 ‘alia
750 852 1002 916 ratione
1031 850 1221 928 velis,
1245 868 1398 913 cum
1427 848 1575 914 dira
1601 849 1810 915 libido

336 952 642 1019 Moverit
668 954 1020 1037 ingenium,
1049 952 1321 1018 ferventi
1347 953 1554 1016 tincta
1582 970 1830 1017 veneno
1856 972 1880 1032 ς

333 1055 675 1123 Virtutem
703 1056 1000 1135 videant,
1031 1056 1573 1140 intabescantque
1608 1056 1861 1122 relicta.

310 1238 311 1241 κ
331 1205 430 1254 diis
450 1221 615 1256 crassa
643 1207 883 1271 pinguedo
905 1212 1047 1256 enata
1083 1211 1181 1257 est:
1213 1212 1351 1257 vacat
1376 1222 1531 1258 noxa.-
1567 1207 1758 1270 ignorat
1781 1213 2008 1272 quantum
2027 1209 2240 1274 amittat,
2260 1215 2308 1260 et
2321 1210 2556 1276 profundo

332 1270 531 1321 obrutus
565 1288 660 1321 nen
698 1273 897 1334 emergit
928 1273 1102 1322 iterum
1134 1272 1185 1322 in
1217 1288 1478 1336 supremam
1509 1288 1697 1338 aquam.
1765 1273 1962 1322 Summe
1991 1274 2201 1325 Deorum
2227 1292 2418 1340 parens,
2453 1292 2485 1326 n
2541 1276 2552 1288 '

328 1336 535 1397 plectere
572 1337 669 1386 alio
702 1334 835 1385 moilo
875 1337 1084 1387 dominos
1117 1338 1341 1400 crudeles,
1373 1339 1556 1401 quamdo
1577 1352 1702 1386 sceva
1732 1338 1968 1402 cupiditas
1988 1340 2164 1397 infecta
2187 1341 2344 1391 toxico
2365 1343 2554 1391 ardenta

331 1400 576 1464 impulerit
597 1402 806 1452 animm
829 1402 1060 1452 illorum:
1097 1416 1301 1467 nempe,
1321 1403 1555 1467 aspiciant
1576 1402 1819 1466 virtutem,
1855 1407 1902 1452 et
1931 1418 2005 1461 ,ea
2032 1407 2234 1468 deser-ta,
2256 1407 2364 1456 tabe
2400 1422 2552 1456 emar-

1265 1551 1618 1572 &momuu

337 1654 680 1720 emmaque
702 1660 810 1709 Ma.
833 1659 1086 1710 ear-34
1117 1644 1306 1709 mmm
1342 1675 1435 1711 mm
1474 1652 1823 1723 Edit.‘steph.
1884 1674 2049 1709 rursus
2073 1675 2164 1710 mm
2185 1659 2231 1709 b.
2273 1660 2379 1711 Ma.
2416 1656 2553 1710 R.-

334 1722 395 1768 37
428 1725 559 1772 torta
586 1723 687 1774 Ms.
712 1724 965 1775 siah—88
1021 1725 1262 1776 Virtutem
1281 1730 1338 1775 at
1355 1725 1453 1776 vid.
1488 1724 1634 1775 Edit.
1660 1725 1839 1790 Stepb.

1342 1863 1557 1915 NOTAE

327 1953 513 2020 mitas,’
550 1958 740 2023 inquit,
779 1960 797 1989 ‘
822 1959 1041 2025 impedit
1063 1960 1402 2025 sapientiam?

327 2031 462 2083 Vide
488 2040 544 2084 et
575 2050 690 2101 quae
713 2051 804 2087 uos
823 2039 933 2088 Sat.
955 2052 994 2090 ι.
1015 2043 1096 2089 67.
1122 2038 1186 2099 ad
1210 2054 1273 2089 ea
1288 2054 1403 2088 ver-

326 2107 409 2172 ba,
446 2111 662 2175 Pinguis
698 2116 1003 2179 aqualiculus.
1085 2111 1274 2166 Sens'us
1319 2122 1400 2167 est

326 2185 439 2237 bic:
475 2189 628 2241 Sicut
667 2191 827 2256 adeps
873 2207 975 2243 non
1023 2192 1199 2256 sentit,
1235 2195 1397 2260 (teste

329 2260 530 2316 Galeno
580 2274 636 2317 et
669 2265 983 2335 Aristotele)
1006 2269 1080 2319 sic
1119 2284 1215 2319 nec
1253 2285 1398 2320 mens

325 2337 487 2393 illius:
549 2358 671 2393 nam
708 2345 957 2396 obduruit
1001 2346 1189 2396 callum
1237 2347 1397 2397 veluti

326 2419 586 2479 quoddam
626 2421 678 2469 in
707 2421 874 2472 animo
907 2422 1039 2488 ejus,
1077 2438 1174 2473 nec
1210 2423 1396 2473 mirum

329 2491 371 2540 si
406 2493 745 2558 demergatur
788 2498 842 2547 iu
887 2499 1200 2563 profundum
1244 2499 1395 2549 vitio-

327 2581 437 2620 rum
477 2588 650 2637 prono
684 2576 901 2639 impetu,
946 2591 1062 2626 cum
1094 2577 1203 2641 jam
1241 2577 1395 2642 plane

328 2651 580 2699 eaectrtiat
603 2651 668 2701 ad
691 2651 877 2701 bonum
901 2670 913 2702 ε
951 2670 1066 2718 quae
1089 2661 1262 2703 tamen
1286 2669 1394 2719 poe-

328 2736 391 2772 na
412 2733 495 2776 est
520 2742 734 2778 summas
758 2729 1002 2794 nequitie
1026 2732 1263 2780 maxima.

389 2804 451 2850 88
476 2803 648 2853 Nescit
673 2805 785 2868 quid
800 2805 993 2869 perdat]
1014 2807 1240 2856 Virtutis
1259 2807 1394 2868 enim

326 2881 760 2941 pulchritudinem
776 2883 883 2946 jam
905 2898 1007 2932 non
1027 2884 1188 2948 videt,
1208 2893 1262 2934 et
1283 2899 1396 2948 pre-

325 2953 448 3007 tium
473 2958 590 3024 ejus
611 2959 843 3021 ignorat:
880 2960 1015 3011 sicut
1039 2967 1094 3010 et
1117 2961 1393 3025 turpitudi-

325 3044 439 3082 nem
466 3035 710 3085 vitiorum
735 3043 792 3087 et
813 3036 1075 3087 infamiam
1113 3038 1252 3088 haud
1285 3038 1395 3089 ani-

329 3110 627 3163 madvertit.
1166 3166 1173 3171 ,

388 3185 506 3237 Alto
539 3189 796 3257 demersum]
846 3190 1107 3240 Vitiorum
1147 3190 1391 3243 barathro

328 3258 619 3328 absorptus.

389 3342 452 3390 34
486 3342 599 3390 Non
636 3341 796 3406 bullit]
852 3344 973 3395 Non
1017 3343 1256 3408 emergit,
1288 3358 1392 3394 nou

327 3418 547 3482 assurgit
568 3434 582 3479 ;
618 3433 736 3469 nam
757 3435 874 3469 cum
908 3427 1122 3485 stupens
1145 3423 1250 3486 ejus
1274 3436 1394 3471 eon-

260 3544 265 3549 ,
329 3490 544 3544 scientia
565 3496 718 3545 nullis
742 3503 865 3561 agat
898 3511 1015 3546 eum
1056 3497 1294 3561 stimulis,
1311 3513 1397 3547 ne-

329 3584 582 3638 quaquam
607 3573 777 3623 redire
817 3581 994 3638 potest
1025 3576 1090 3624 ad
1132 3576 1397 3625 meliorem

328 3643 544 3715 frugem.

331 3735 494 3789 scens,
541 3726 608 3776 ad
651 3733 757 3777 tam
797 3727 1130 3792 deploratum
1167 3736 1397 3792 statum;

330 3807 384 3850 et
404 3818 547 3866 cave,
572 3819 640 3854 ne
663 3805 845 3855 eodem
885 3805 1104 3856 miseriae
1137 3807 1398 3869 devenias,

328 3875 426 3928 nisi
447 3887 648 3930 mature
663 3878 884 3931 fraenum
901 3881 1069 3947 injicis
1086 3883 1394 3947 petulantiae

328 3950 560 4014 j‘uvenili.

394 4035 454 4082 35
511 4035 695 4098 Magne
734 4039 874 4098 pater
910 4035 1118 4101 Divum]
1181 4037 1393 4103 Stupori

336 4105 509 4162 Nattoe
532 4113 752 4163 acerbos
793 4113 908 4163 illos
943 4116 1163 4180 opponit
1197 4115 1395 4165 crucia·

334 4187 605 4255 tushquos
649 4189 878 4240 tolerant
922 4190 961 4240 ii
1009 4191 1095 4256 qui
1148 4192 1394 4242 virtutem

339 4256 593 4327 cognitam
615 4266 862 4333 habuere,
884 4282 984 4320 nec
1016 4274 1189 4320 tamen
1228 4270 1395 4321 secuti

630 3651 892 3701 Horresce
933 3665 1075 3714 vero,
1119 3658 1177 3702 tu
1224 3652 1402 3704 adole·

1486 1968 1640 2011 sunt:
1691 1962 1784 2012 hos
1821 1976 1946 2012 vero
1992 1966 2165 2011 tantos
2204 1976 2319 2011 esse
2363 1960 2457 2024 ait,
2488 1965 2550 2010 ut

1483 2037 1751 2088 sceleratis
1787 2039 1996 2102 gravius
2023 2039 2194 2102 optari
2234 2044 2550 2089 tormentum

1482 2122 1738 2180 nequeat:
1789 2116 1900 2165 haec
1945 2116 2154 2180 egregie
2195 2115 2549 2180 casaubonus,

1481 2191 1729 2256 additque
1773 2190 1942 2240 videri
1977 2191 2214 2240 Persium
2258 2191 2549 2255 respexisse

1479 2267 1545 2316 ad
1568 2268 1740 2318 locum
1766 2268 2021 2331 Platonis,
2043 2268 2094 2316 in
2124 2267 2340 2332 Gorgia,
2365 2266 2451 2316 ubi
2473 2267 2550 2317 ait

1474 2344 1529 2393 iu
1572 2345 1754 2394 animis
1790 2343 2150 2395 defunctorum
2189 2346 2548 2410 Tyrannorum

1476 2420 1672 2470 vibices
1705 2428 1908 2486 extare,
1957 2428 2120 2472 testes
2163 2438 2339 2472 eorum
2386 2422 2551 2472 scele-

1477 2511 1610 2559 rum,
1648 2512 1678 2546 e
1701 2497 1886 2563 quibus
1910 2498 2330 2549 Rhadamanthus
2360 2513 2542 2548 eorum

1475 2575 1678 2624 scelera
1700 2574 1971 2641 dijudicet.

1539 2649 1701 2699 Saevos
1716 2645 1885 2714 punire
1907 2649 2157 2715 tyrannos]
2189 2649 2423 2701 Aliorum
2441 2665 2546 2701 ma-

1475 2727 1539 2775 lis
1587 2726 1892 2791 gaudentes,
1929 2729 2105 2792 quales
2142 2725 2291 2777 fuere
2324 2729 2547 2793 Busiris,

1477 2804 1782 2866 Diomedes,
1802 2805 2060 2867 Phalaris,
2082 2812 2298 2868 uterque
2343 2806 2546 2870 Diony-

1478 2882 1599 2946 sius,
1635 2883 1854 2947 ipseque
1894 2882 2063 2945 Nero,
2085 2897 2236 2947 quem
2260 2882 2345 2931 hic
2379 2883 2547 2933 notari

1476 2959 1717 3025 plerique
1739 2964 2025 3008 autumant.
2631 2950 2636 2955 ’

1539 3039 1607 3084 36
1641 3035 1789 3084 Haud
1825 3035 1926 3084 alia
1967 3033 2176 3097 ratione]
2231 3034 2352 3085 Non
2392 3034 2547 3087 aliter

1476 3113 1676 3176 punias,
1694 3127 1845 3176 quam
1870 3111 2204 3161 conscientiae
2229 3110 2466 3176 flagellis,
2488 3118 2546 3163 et
2569 3160 2572 3165 .

1479 3188 1734 3239 scelerum
1757 3203 1962 3237 suorum
1984 3186 2131 3237 furiis
2151 3201 2239 3241 eos
2261 3188 2543 3241 tradendox

1478 3264 1602 3317 vide
1620 3265 1863 3317 Juvenal.
1888 3265 1995 3315 Sat.
2011 3278 2137 3314 1111.
2171 3266 2244 3315 D.
2265 3265 2545 3330 Augustin.

1472 3346 1564 3396 lib.
1590 3345 1654 3394 de
1692 3343 1965 3406 Magistro,
1989 3357 2037 3392 c.
2064 3346 2113 3393 9.
2156 3343 2171 3371 ‘
2194 3343 2440 3406 Persius,’
2472 3343 2548 3394 in·

1476 3423 1606 3490 quit,
1628 3424 1644 3450 ‘
1662 3421 1897 3483 omnibus
1937 3420 2102 3483 poenis
2131 3436 2255 3486 quas
2283 3422 2545 3487 Tyranno-

1478 3514 1592 3550 rum
1624 3498 1710 3548 vel
1756 3497 2039 3547 crudelitas
2088 3498 2422 3563 excogitavit,
2462 3500 2545 3548 vel

1478 3575 1735 3640 cupiditas
1781 3573 1982 3638 pendit,
2022 3573 2155 3623 banc
2203 3588 2353 3622 unam
2398 3581 2544 3624 ante-

1479 3653 1650 3719 ponit,
1692 3665 1792 3717 qua
1829 3650 2132 3699 cruciantur
2171 3651 2417 3714 homines,
2456 3651 2544 3716 qui

1479 3730 1625 3789 vitia,
1645 3743 1760 3793 quae
1782 3726 1950 3776 vitare
1972 3741 2076 3777 nou
2104 3736 2335 3792 possunt,
2356 3728 2579 3793 cogun··‘

1477 3813 1569 3855 tur
1589 3802 1909 3870 agnoscere!

1541 3885 1605 3931 3⁷
1641 3880 1850 3931 Moverit
1874 3878 2138 3943 ingenium]
2178 3879 2454 3944 Impulerit
2476 3880 2544 3931 ad

1474 3957 1684 4023 aliquod
1708 3962 1859 4006 atrox
1881 3956 2068 4006 scelus.

1547 4034 1775 4084 Ferveati
1816 4033 1971 4082 tincta
2021 4034 2218 4098 emeno]
2274 4034 2545 4099 Cupiditas
2601 4078 2609 4083 ,

1477 4124 1710 4174 praeceps
1744 4115 1799 4158 et
1832 4106 2103 4158 vehemens
2140 4110 2454 4162 crudelitate
2487 4118 2545 4162 et

1475 4186 1849 4237 inhumanitate
1878 4185 2089 4248 stipata.

1542 4269 1607 4315 38
1648 4265 1888 4315 Virtutem
1910 4260 2129 4327 videant]
2176 4263 2307 4315 Tull.
2329 4264 2366 4314 1.
2389 4278 2452 4314 11.
2475 4264 2544 4316 de
