3084 4934
1248 424 1525 476 samum
1572 424 1673 476 ΠΕ.
1748 428 1760 445 ’

362 566 627 646 Dicere,
661 567 934 634 sorbitio
963 566 1139 635 tollit
1160 589 1357 654 quem
1387 570 1535 636 dira
1559 571 1797 636 cicutoe
1820 567 1878 656 τ’)

363 667 522 748 Quo
551 667 808 736 fretus?
855 670 964 737 dic
992 671 1144 750 hoe,
1173 673 1395 756 mag-ni
1425 672 1688 758 pupille
1714 673 1979 740 Pericli.

357 873 1214 945 interficitsoevuhuustascieutoe.)
1245 883 1480 947 Εαιιωη
1500 879 1686 936 nmo?
1715 882 1962 949 Responde
1987 838 2563 949 illudmpipillcmsgui
2667 946 2692 962 χ

1280 1012 1459 1031 O‘Om

1461 1012 1639 1032 “000'‘

416 1092 445 1139 1
481 1088 592 1140 Hoc
620 1092 757 1142 erede
784 1092 928 1144 Edit.
960 1092 1243 1158 διερὴν-3
1276 1095 1500 1149 Quidam
1524 1096 1693 1148 Godd.
1725 1099 1885 1158 darm·
1914 1096 2083 1149 minus
2117 1101 2260 1149 recte
2282 1055 2557 1149 {cicutam

1260 1254 1300 1263 υ
1345 1229 1604 1280 NOTAE

353 1329 536 1388 quarta
574 1339 752 1377 rursus
799 1327 1035 1393 ejusdem
1090 1327 1411 1383 Alcibiadem

349 1400 585 1455 Primum
604 1403 859 1468 imitatur,
887 1405 1114 1472 indeque
1139 1410 1412 1461 materiam

349 1492 553 1528 omnem
585 1494 648 1530 ac
668 1481 925 1532 Personas
948 1485 1179 1546 assumit,
1212 1493 1273 1537 ut
1304 1488 1411 1538 Ne-

348 1556 478 1619 roni,
517 1571 672 1622 quem
709 1558 1011 1624 insectatur,
1041 1561 1223 1614 lateat.
1304 1564 1412 1614 Hic

344 1631 526 1698 itaque
560 1648 654 1697 per
679 1632 1006 1693 Alcibiadem
1047 1639 1193 1689 Nero
1227 1638 1413 1691 intelli-

271 1762 279 1769 ·
344 1708 562 1775 gendus,
598 1724 694 1775 per
737 1712 1003 1762 Socratem
1048 1712 1276 1777 Persius,
1323 1718 1410 1782 qui

335 1782 591 1849 juvenum
634 1784 1026 1851 Rempublicam
1063 1791 1197 1841 male
1229 1807 1408 1856 capes-

343 1860 564 1911 sen'tium
591 1861 858 1927 redarguit
886 1863 1204 1929 imperitiam
1237 1883 1298 1918 ac
1331 1876 1408 1921 te-

341 1935 654 1986 mei-itatem.

403 2010 674 2062 Barbatum
693 2014 995 2080 mag-istrum]
1042 2016 1308 2068 Socratem
1334 2020 1410 2070 ni-

340 2087 546 2152 mirum,
585 2096 641 2139 ut
686 2090 913 2155 probant
954 2093 1217 2158 adjuncta.
1283 2092 1411 2146 Bar-

341 2163 505 2213 batum
525 2170 707 2229 vocat3
733 2167 813 2216 vel
838 2168 959 2233 quia
982 2169 1191 2219 barbam
1215 2172 1407 2237 alebat,

331 2240 766 2303 ‘quemadmodum
796 2251 852 2292 et
884 2244 970 2294 aiii
995 2244 1056 2293 iis
1094 2248 1408 2310 temporibus

339 2315 643 2383 Philosophi
665 2335 678 2367 :
706 2321 807 2383 vel,
829 2335 890 2370 eo
913 2321 1070 2387 quod,
1090 2329 1150 2373 ut
1183 2330 1409 2375 testatur

339 2389 535 2445 Tullius
557 2400 607 2446 4.
632 2396 697 2446 de
721 2396 949 2462 Finibus,
965 2400 1101 2463 apud
1140 2400 1402 2454 Romanos

340 2472 539 2537 antiqui
571 2473 845 2538 Sapientes
884 2476 1086 2526 lionoris
1121 2492 1280 2527 causa
1301 2479 1407 2528 bar·

238 2556 243 2562 '
339 2544 439 2596 bata·
461 2550 793 2601 vocabantur.
847 2548 917 2602 Et
944 2550 1078 2602 Plin.
1102 2553 1154 2602 in
1184 2554 1405 2619 Epistol.

339 2625 355 2652 ‘
378 2626 585 2688 Barba,'
618 2627 805 2693 inquit,
842 2630 1079 2693 ‘sylvosa
1110 2637 1166 2681 et
1188 2633 1403 2696 pulchre

338 2698 482 2764 alita,
506 2704 736 2766 quamvis
754 2716 837 2754 res
872 2704 986 2769 ipsa
1006 2705 1073 2756 sit
1096 2708 1323 2758 exterior
1348 2714 1405 2758 et

339 2772 573 2841 fortuita,
597 2779 736 2829 inter
772 2781 987 2830 hominis
1026 2783 1218 2833 eruditi
1252 2784 1404 2851 insig-

337 2851 424 2902 nia
441 2857 776 2907 recensetur.'
840 2857 1124 2908 Athenaeus
1157 2860 1249 2911 lib.
1275 2872 1401 2912 xm.

339 2928 413 2979 ait
433 2928 722 2982 Alexandri
745 2938 947 2984 tantum
970 2937 1164 2987 saeculo
1184 2936 1401 2988 barbam

338 3006 551 3058 radendi
570 3010 832 3061 invectum
851 3024 1062 3075 morem,
1082 3026 1142 3063 ac
1167 3014 1402 3067 derasam

334 3081 549 3153 barbam
567 3083 810 3149 flagitiosi
826 3087 1045 3139 hominis
1064 3096 1239 3138 notam
1274 3090 1404 3140 exti-

332 3157 478 3211 fisse.

330 3246 333 3249 ‘
401 3235 720 3301 Magistrum]
755 3238 859 3287 Seu
879 3240 999 3304 quia
1022 3236 1125 3289 suit
1160 3244 1400 3294 Socrates

331 3308 661 3377 Paedagogus
687 3315 1007 3366 Alcibiadis:
1030 3317 1139 3367 sive
1162 3319 1320 3383 quod,
1339 3325 1397 3370 ut

334 3389 515 3445 habet¹
545 3392 731 3463 Cicero
769 3393 835 3442 de
892 3393 1105 3445 Finibus
1140 3408 1202 3444 11.
1251 3411 1302 3447 n.
1348 3401 1396 3446 l.

332 3454 617 3516 *Socrates
658 3466 1006 3532 Philosophiam.⁵
1052 3486 1236 3534 parens
1275 3473 1398 3536 jure

333 3540 669 3613 dici‘potestf
704 3558 767 3594 ιι.
802 3544 867 3596 de
901 3548 1105 3597 Natura
1147 3548 1401 3609 Deorum,

332 3634 387 3672 n.
432 3624 545 3672 167.
597 3626 610 3651 ‘
635 3624 891 3689 Princeps
928 3634 1012 3675 est
1063 3626 1400 3693 Philosopho-

333 3697 485 3748 rum.’
527 3701 679 3749 Tusc.
705 3700 906 3753 Quaest.
932 3714 1015 3750 ιιι.
1057 3718 1106 3752 ιι.
1130 3708 1178 3752 8.
1201 3704 1287 3753 ‘A
1311 3706 1398 3753 So-

333 3780 481 3824 crate
502 3776 664 3825 omnis
689 3792 801 3840 quae
819 3784 899 3826 est
919 3778 982 3827 de
1000 3782 1111 3828 vita
1125 3787 1180 3829 et
1203 3781 1269 3830 de
1292 3796 1397 3830 mo·

328 3850 823 3917 ribusPhilosophia
842 3856 1104 3906 manavit?
1168 3857 1320 3907 Tusc.
1344 3873 1396 3909 v.

335 3941 387 3977 n.
412 3931 526 3978 10.‘
549 3926 757 3979 Primus
786 3930 874 3979 ille
897 3931 1286 3997 Philosophiam
1309 3935 1397 3985 de-

332 4007 590 4055 vocavite
615 4007 778 4068 Coelo,
800 4016 855 4058 et
897 4009 951 4058 iu
992 4010 1202 4060 urbibus
1244 4012 1397 4062 collo·

333 4081 493 4143 cavit,
551 4089 607 4131 et
657 4083 708 4131 in
758 4083 935 4133 domos
980 4086 1301 4137 introduxit.
1343 4097 1398 4138 et

335 4157 511 4223 coegit
534 4159 599 4207 de
625 4160 733 4209 vita
765 4168 820 4210 et
854 4163 1098 4227 moribus,
1142 4164 1396 4230 rebusque

332 4227 481 4285 bonis
503 4246 561 4286 et
581 4237 728 4287 maiis
749 4239 1015 4303 quaerere!

332 4376 347 4385 .
395 4316 428 4362 2
478 4311 691 4363 Sorbitio
731 4312 923 4378 cicutae]
1000 4314 1136 4369 Pliu.
1180 4330 1297 4372 xus.
1344 4322 1397 4369 5.

1476 2476 1643 2531 'aureo
1662 2497 1677 2542 ;

1494 1334 1709 1398 ‘Sicut‚
1732 1332 1954 1400 inquit,‘
1980 1334 2158 1389 cicuta
2187 1333 2381 1385 homini
2405 1345 2559 1399 venc-

1493 1424 1616 1460 num
1634 1415 1736 1473 est,
1766 1411 1841 1460 sic
1863 1411 2049 1462 cicutae
2077 1410 2275 1461 vinum.
2277 1408 2293 1431 ’
2359 1403 2430 1459 Et
2463 1408 2558 1461 lib.

1491 1497 1625 1537 xxv.
1671 1487 1845 1551 capite
1877 1487 2087 1539 ultimo.
2119 1487 2150 1515 ⁴
2176 1487 2364 1536 Cicuta
2402 1498 2559 1534 vene-

1492 1577 1615 1611 num
1638 1570 1741 1625 est,
1758 1562 1966 1626 publica
1989 1562 2382 1614 Atheniensium
2404 1577 2560 1626 poena

1489 1642 1816 1703 invisa,'.&c.
1883 1642 2057 1705 Hujus
2079 1657 2287 1692 succum
2309 1641 2556 1697 lethalem

1483 1717 1796 1781 ab‘ingratis
1831 1717 2031 1768 civibus
2055 1718 2262 1782 jussum
2285 1716 2557 1766 Socratem

1490 1790 1737 1855 ebibisse,
1755 1793 1902 1843 testis
1919 1800 2001 1843 est
2018 1794 2174 1843 Plato
2198 1804 2315 1842 cum
2333 1792 2540 1849 ceteris.

1559 1868 1712 1923 Quem
1754 1871 1880 1921 tollit
1917 1868 2050 1934 dira]
2120 1868 2326 1929 Socrati
2368 1866 2555 1934 nempe

1491 1946 1698 1996 oraculo
1721 1945 1975 2012 Apollinis
1998 1945 2375 2012 sapientissimo
2395 1942 2556 1995 homi-

1491 2036 1611 2070 nnm
1629 2024 1866 2086 judicato
1881 2025 2054 2088 plures
2068 2020 2391 2072 invidebant.
2425 2021 2555 2086 Ejus

1492 2106 1668 2148 autem
1687 2100 2139 2164 reprehensionum
2158 2097 2369 2163 quidam
2391 2098 2555 2162 impa-

1491 2173 1700 2237 tientes,
1749 2174 1935 2225 fraude
1992 2175 2366 2238 circumvento,
2405 2174 2555 2238 quasi

1489 2250 1736 2301 adversus
1776 2252 2081 2316 religionem
2137 2248 2371 2301 Deorum
2420 2264 2556 2300 nova

1488 2328 1719 2377 molienti
1757 2329 2042 2393 perniciem
2094 2328 2378 2377 machinati
2415 2332 2555 2377 sunt.

1485 2400 1817 2453 Testessunt
1841 2402 2095 2469 Apuleius
2117 2403 2208 2455 lib.
2226 2414 2280 2455 x.
2299 2403 2366 2452 de
2392 2401 2553 2452 Asino

1712 2481 1867 2530 Plato
1912 2481 1965 2530 in
2010 2479 2241 2531 Socratis
2276 2476 2551 2544 Apologia.

1486 2554 1805 2621 Lactantius,
1826 2570 1879 2608 ν.
1898 2560 1978 2606 15.
2034 2557 2254 2606 Sanctus
2274 2555 2552 2620 Angustia.

1483 2630 1574 2683 lib.
1595 2642 1721 2685 vm.
1743 2637 1792 2683 3.
1820 2633 1885 2683 de
1926 2633 2153 2685 Civitate
2177 2632 2304 2695 Dei,
2329 2631 2346 2659 ⁴
2371 2632 2554 2682 Socra-

1486 2708 1607 2771 tes,’
1649 2708 1836 2774 inquit,
1878 2708 1895 2737 ‘
1929 2707 2206 2758 concitatis
2268 2707 2549 2757 inimicitiis

1484 2787 1805 2837 calumniosa
1861 2784 2221 2835 criminatione
2274 2783 2550 2835 damnatus

1483 2869 1648 2912 morte
1668 2862 1948 2912 mulctatus
1970 2867 2070 2910 est.
2112 2859 2212 2909 Sed
2233 2872 2350 2908 eum
2370 2866 2552 2923 postea

1483 2939 1574 2987 illa
1592 2939 1706 3002 ipsa
1736 2953 1849 3004 quae
1874 2936 2079 3002 publice
2108 2935 2446 2984 damnaverat
2477 2933 2551 2984 A·-

1483 3014 1825 3064 theniensium
1848 3014 2030 3064 civitas
2057 3012 2264 3076 publice
2287 3011 2421 3060 luxit
2437 3027 2454 3059 z
2494 3010 2549 3059 in

1482 3090 1611 3139 duos
1631 3091 1744 3154 ejus
1760 3097 2089 3140 accusatores
2114 3102 2272 3152 usque
2296 3087 2428 3137 adeo
2451 3100 2542 3151 po-⁴

1481 3167 1593 3229 puli
1627 3166 1982 3233 indignatione
2015 3178 2282 3226 conversa,
2318 3169 2379 3212 ut
2416 3177 2550 3213 unus

1479 3257 1660 3291 eorum
1696 3256 1974 3307 oppressus
2009 3240 2058 3290 vi
2092 3238 2433 3291 multitudinis
2473 3238 2548 3289 iu-

1480 3321 1663 3370 terioet
1683 3338 1698 3381 ;
1729 3320 1884 3369 exilio
1899 3327 2072 3369 autem
2089 3320 2378 3369 voluntario
2388 3308 2548 3384 atque

1479 3406 1736 3462 perpetuo
1758 3410 1963 3461 poenam
1998 3396 2215 3446 similem
2256 3396 2392 3445 alter
2424 3406 2541 3445 eva-

1479 3474 1649 3527 deret.
1736 3474 1861 3523 Tam
1902 3474 2153 3538 praeclara
2205 3470 2366 3537 igitur
2419 3466 2543 3524 vitae*

1480 3551 1763 3614 mortisque
1788 3550 1921 3600 fama
1942 3550 2183 3599 Socrates
2207 3549 2415 3614 reliquit
2434 3549 2546 3614 plu-

1479 3622 1635 3675 rimos
1671 3642 1775 3675 suae
1823 3624 2170 3690 Philosophiae
2210 3624 2548 3674 Sectatores!

1477 3699 1759 3751 Athenaeus
1776 3701 1866 3750 lib.
1886 3712 2011 3750 xm.
2025 3700 2089 3750 ad
2109 3698 2280 3761 finem,
2299 3698 2455 3763 paulo
2473 3700 2548 3749 di-

1476 3794 1676 3829 versam
1692 3776 1845 3829 affert
1860 3792 2066 3829 causam
2089 3776 2270 3833 mortis
2289 3777 2513 3826 Socratis
2530 3795 2546 3839 ;

1475 3868 1662 3919 nempe
1686 3854 1754 3904 ob
1776 3853 2075 3919 frequentes
2105 3854 2219 3917 ejus
2253 3856 2307 3902 in
2340 3853 2546 3917 discep-

1479 3932 1636 3981 tando
1668 3931 1992 3994 ambitiones,
2013 3931 2168 3994 rixas,
2197 3938 2253 3981 et
2292 3931 2544 3994 importu-

1477 4023 1569 4057 nas
1596 4008 2033 4073 reprehensiones,
2068 4016 2123 4057 et
2144 4022 2262 4057 cum
2286 4007 2425 4071 apud
2447 4008 2540 4059 Ju-

1476 4084 1782 4135 dices‘sorte
1805 4084 1972 4147 datos,
2003 4082 2352 4135 furacissimos
2381 4080 2544 4132 homi-

1476 4177 1584 4221 nes,
1610 4164 1674 4211 de
1688 4162 1833 4226 jnsto
1856 4162 2201 4212 disseruisset.

1549 4243 1580 4288 3
1618 4239 1916 4301 Quasi-etus]
1953 4238 2071 4290 Qua
2095 4237 2301 4301 peritia,
2341 4250 2444 4301 qno
2467 4252 2545 4287 re-

1483 4331 1599 4366 rum
1620 4331 1736 4381 usu,
1754 4315 1942 4385 quibus
1966 4313 2245 4367 virtutibus
2264 4316 2449 4380 polles,
2481 4322 2545 4366 ut
