3084 4934
1266 372 1548 441 asum
1607 379 1692 431 ΙΙ.

380 520 528 601 Qui
546 522 667 587 tibi
694 521 986 591 labentes
1015 522 1296 609 apponit
1326 523 1653 593 candidus
1680 540 1914 601 annos.

379 621 612 693 Funde
639 645 893 691 merum
921 624 1163 693 Genio.
1209 625 1371 697 Non
1396 631 1469 694 tu
1497 647 1695 713 prece
1723 627 1957 713 poscis
1982 627 2222 705 emaci,

375 813 467 850 ees.
536 798 747 865 Effuade
766 801 928 853 viauia
953 802 1125 854 Genio.
1196 803 1269 855 Tu
1289 809 1400 856 voto
1423 804 1628 870 putitio
1648 819 1739 854 aon
1768 802 1895 868 petis
1928 816 2025 864 res,
2058 814 2174 867 quus
2195 814 2286 850 non
2315 799 2469 864 possis
2487 814 2587 851 cre·

1367 937 1421 993 N
1426 936 1591 988 01*AE

377 1028 575 1080 tissimo
613 1029 800 1097 cuique
821 1031 1029 1083 videtur
1067 1032 1231 1085 fuisse
1268 1035 1445 1099 potius

378 1107 585 1159 Plotius
607 1110 813 1173 quidam
839 1113 1121 1173 Macrinus,
1141 1129 1292 1180 quem
1315 1115 1445 1165 Per-

377 1185 437 1234 sii
492 1184 905 1250 condiscipulum
960 1190 1227 1242 existimat
1285 1190 1444 1242 etiam

376 1259 539 1312 fuisse
562 1262 915 1315 Casaubonns.
983 1266 1149 1318 Favet
1171 1275 1318 1320 certe
1356 1284 1444 1319 ve·

379 1344 462 1388 tus
517 1338 853 1407 scholiastes,
903 1343 991 1410 qui
1046 1345 1123 1396 sic
1175 1346 1337 1397 habet
1389 1345 1445 1395 in

374 1415 578 1467 huncce
622 1418 823 1468 locum·
878 1422 1159 1488 alloquitur
1209 1422 1443 1474 Plotium

380 1495 675 1546 Macrinum
715 1496 972 1548 hominem
1014 1514 1139 1550 sane
1181 1499 1443 1550 eruditum

377 1578 433 1622 et
458 1579 681 1636 paterno
717 1588 773 1622 se
798 1571 991 1625 affectu
1014 1575 1336 1641 diligentem,
1357 1577 1444 1644 qui

374 1639 431 1699 in
476 1649 632 1701 domo
674 1650 880 1701 Servilii
931 1652 1211 1715 didicerat,
1264 1669 1296 1704 a
1339 1668 1444 1720 quo

378 1728 605 1793 agellum
646 1738 1063 1795 comparaverat,
1106 1731 1306 1785 indulto
1344 1732 1445 1784 sibi

376 1806 554 1871 pretio
584 1807 870 1873 aliquanto.

444 1883 595 1934 Hune
630 1883 757 1935 diem
792 1884 1012 1950 numera]
1078 1886 1229 1938 Inter
1250 1885 1449 1939 faustos

378 1957 493 2009 dies
518 1966 765 2025 computa
786 1961 927 2012 diem
945 1962 1103 2025 hunc,
1124 1963 1212 2028 qui
1236 1963 1335 2014 tibi
1357 1978 1446 2013 na·

376 2037 501 2087 talis
525 2043 628 2099 est,
662 2044 719 2087 et
753 2052 858 2102 qno
895 2046 1176 2103 propterea
1213 2038 1447 2093 libellum

376 2113 518 2179 hunc
563 2129 658 2165 seu
696 2116 924 2166 Satirain
965 2117 1103 2168 dono
1147 2116 1244 2168 tibi
1277 2116 1447 2169 mitto.

377 2191 596 2242 Scilicet
628 2206 737 2241 mos
758 2199 872 2243 erat
894 2192 1034 2257 apud
1059 2198 1265 2245 veteres
1285 2193 1448 2243 natali

378 2268 664 2318 amicorum
703 2267 790 2319 die
811 2271 1116 2321 munusculo
1149 2283 1239 2321 eos
1273 2271 1448 2337 aliquo

380 2343 620 2397 afficere:
655 2352 711 2396 et
750 2347 933 2399 Poetoe
952 2346 1166 2415 quidem
1198 2348 1448 2414 doctique

379 2424 635 2487 opuscula
657 2439 752 2475 sua
773 2422 1105 2477 deferebant.
1171 2425 1335 2480 Quod.
1363 2425 1448 2481 hie

379 2497 515 2553 facit
537 2500 749 2551 Persius
771 2516 897 2564 erga
913 2503 1223 2557 Macrinum.

445 2577 656 2628 Meliore
692 2579 880 2644 lapillo]
964 2580 1201 2635 Candido
1241 2597 1452 2648 nempe,

380 2669 489 2720 quo
512 2670 597 2705 res
618 2657 754 2707 taetae
786 2656 1132 2719 notabantur;
1164 2658 1301 2710 sieut
1322 2665 1452 2710 atro

377 2748 467 2783 res
495 2740 693 2783 moestae
714 2743 771 2783 et
792 2732 1046 2788 infelices.
1114 2735 1272 2787 Mart.
1294 2735 1451 2801 Epig-

383 2823 464 2863 ιι.
495 2813 579 2859 53.
613 2813 627 2838 ‘
650 2810 800 2860 Felix
832 2818 1052 2876 utraque
1089 2812 1198 2874 lux,
1235 2812 1452 2878 diesque

382 2887 535 2938 nobis
580 2886 836 2952 Signandi
883 2889 1180 2940 melioribus
1224 2887 1455 2954 lapillis-⁹

384 2963 540 3015 Pers.
561 2964 673 3015 Sat.
694 2979 747 3016 v·
779 2965 912 3016 ‘Illa
950 2965 1096 3028 prius
1130 2975 1298 3026 creta,
1332 2980 1453 3017 mox

378 3040 502 3106 οῙιιιειε
537 3041 765 3091 carbone
803 3039 1037 3091 notasti!
1100 3041 1321 3092 Secutus
1344 3041 1455 3093 Ho-

379 3117 573 3176 ,ratium
596 3118 708 3168 Sat.
730 3132 794 3168 11.
816 3121 867 3167 3.
902 3118 918 3146 ‘
939 3118 1100 3170 Creta
1130 3133 1196 3168 an
1228 3118 1454 3169 carbone

387 3193 663 3261 notandi?²
723 3196 971 3247 Ceterum
1010 3211 1118 3246 mos
1156 3196 1244 3249 ille
1289 3194 1453 3247 fortu-

388 3279 542 3324 natos
589 3273 701 3323 dies
745 3273 878 3325 albis
929 3274 1162 3337 calculis,
1219 3271 1453 3325 infelices

391 3352 550 3417 nigris
617 3352 945 3416 numerandi,
1016 3353 1240 3418 viguisse
1314 3353 1453 3417 apud

389 3429 616 3481 nram
638 3430 878 3495 primum,
917 3437 1103 3482 auctor
1134 3438 1215 3482 est
1253 3430 1454 3481 Plinius

392 3519 495 3557 vu.
516 3510 597 3558 40.
663 3504 740 3557 At
761 3507 898 3572 quod
930 3507 1090 3573 aliqui
1111 3508 1313 3559 addunt
1334 3507 1455 3561 hine

394 3585 642 3634 transisse
663 3584 731 3634 ad
763 3585 1060 3649 Cretenses,
1096 3600 1197 3635 non
1220 3586 1299 3637 ita
1319 3599 1457 3636 com-

394 3668 634 3726 pertum:
671 3661 775 3713 imo
810 3661 1022 3726 jugulat
1063 3677 1151 3713 eos
1194 3662 1283 3713 ille
1324 3662 1459 3727 ipse,

398 3757 500 3808 quo
531 3755 634 3791 uuo
671 3739 798 3791 freti
841 3740 894 3791 id
932 3738 1213 3802 affirmant,
1250 3738 1461 3792 Horatii

396 3817 542 3869 locus
567 3819 655 3869 lib.
672 3833 712 3868 ι.
738 3817 838 3869 ode
854 3823 939 3869 36.
962 3819 978 3847 ‘
999 3819 1187 3870 Cressa
1199 3832 1266 3869 ne
1282 3825 1463 3869 careat

398 3895 621 3960 pulchra
641 3895 757 3946 dies
775 3893 930 3946 nota.’
994 3894 1100 3946 Ubi
1121 3901 1268 3945 certe
1288 3894 1462 3945 album

397 3972 628 4037 lapillum
651 3989 680 4022 e
717 3973 877 4023 Creta
898 3973 1189 4023 venientem
1214 3986 1463 4036 expresse

400 4048 670 4114 designat:
707 4048 934 4114 alioquin
973 4063 1153 4114 parum
1184 4048 1464 4113 distingue-

384 4132 482 4176 ret
504 4126 677 4176 laetam
697 4133 876 4175 notam
898 4141 931 4174 a
949 4125 1107 4188 tristi,
1124 4125 1169 4175 si
1191 4126 1464 4175 Cretenses

1524 1037 1834 1088 suevissent.
1891 1031 2046 1084 Unde
2068 1031 2226 1083 etiam
2245 1035 2412 1096 patet,
2432 1042 2585 1095 quam

1524 1114 1678 1179 longe
1722 1111 1992 1173 aberrent,
2037 1107 2126 1175 qui
2168 1107 2333 1171 citato
2379 1104 2587 1157 Horatii

1524 1190 1639 1240 loco
1663 1191 1845 1254 legunt
1868 1187 2085 1249 Uin-em,
2106 1199 2203 1250 pro
2227 1187 2413 1235 Cressa.

1589 1272 1621 1318 2
1658 1268 1755 1325 Qui
1772 1266 1865 1317 tibi
1883 1265 2107 1329 tabentes,
2129 1263 2235 1329 mu]
2291 1260 2398 1318 Qui
2420 1276 2586 1312 aevum

1524 1347 1662 1414 qnod
1686 1345 1920 1414 quotidie
1941 1343 2187 1408 elabitur,
2211 1342 2308 1394 tibi
2329 1341 2591 1408 producit,

1524 1441 1712 1476 novum
1749 1438 1940 1475 annum
1976 1420 2076 1473 tibi
2112 1419 2282 1470 dando
2323 1425 2381 1470 et
2418 1418 2593 1483 auspi-

1522 1501 1708 1553 cando.

1595 1576 1860 1642 Candidus]
1892 1577 2091 1640 Bonus,
2111 1571 2394 1639 propitius:
2420 1579 2479 1625 ut
2501 1585 2592 1623 ex-

1523 1656 1687 1721 plicui
1705 1656 1813 1706 Sat.
1834 1668 1876 1706 ι.

1592 1737 1622 1782 3
1659 1733 1825 1783 Funde
1837 1746 2019 1782 meram
2031 1727 2210 1793 Genio]
2250 1727 2381 1780 Hor.
2401 1728 2503 1792 Ep.
2526 1741 2589 1778 ιι.

1526 1814 1576 1861 1.
1608 1810 1626 1838 ⁴
1643 1808 1900 1860 Tellurem
1932 1821 2112 1872 porco,
2138 1805 2420 1873 Sylvanum
2453 1806 2592 1855 lacte

1526 1886 1775 1953 piabant;
1819 1884 2060 1937 Floribus
2104 1890 2161 1934 et
2202 1884 2320 1935 vino
2364 1882 2593 1934 Genium

1528 1977 1808 2017 memorem
1829 1962 2003 2014 brevis
2037 1960 2169 2015 evi?
2229 1960 2419 2012 Tibull.
2443 1959 2593 2024 Eleg.

1527 2055 1593 2093 ιι.
1628 2044 1678 2092 4.
1721 2039 1789 2091 de
1828 2038 2001 2091 Genio
2042 2038 2142 2088 ait:
2191 2035 2404 2101 ‘Atque
2447 2042 2593 2093 satur

1525 2118 1639 2170 libo
1660 2117 1751 2181 sit,
1785 2115 2096 2180 madeatque
2128 2111 2309 2162 mero.'
2377 2111 2483 2161 Ubi
2505 2111 2593 2161 ob·

1526 2193 1838 2247 servandum
1862 2199 1960 2256 est,
1974 2189 2163 2243 ceteris
2184 2187 2393 2255 quidem
2410 2186 2593 2237 diebus

1526 2273 1703 2327 Genio
1724 2272 1929 2325 litatum
1953 2270 2077 2320 olim
2099 2267 2257 2320 fuisse
2290 2282 2426 2319 caesa
2447 2267 2596 2318 victi·

1528 2366 1635 2412 ma,
1664 2356 1725 2400 ut
1763 2355 1911 2414 patet
1951 2362 2018 2398 ex
2057 2346 2244 2397 Horat.
2268 2344 2375 2397 Οὐ.
2399 2358 2487 2394 ιιι.
2510 2348 2594 2395 17.

1532 2430 1549 2458 ⁸
1567 2438 1684 2485 eras
1718 2426 1945 2478 Genium
1981 2437 2121 2474 mero
2144 2422 2363 2473 curabis
2394 2427 2451 2471 et
2480 2435 2596 2485 por-

1531 2520 1598 2559 co
1652 2502 1904 2564 bimestri,
1956 2502 2085 2553 Cum
2131 2499 2339 2553 famulis
2380 2512 2595 2564 operum

1531 2578 1751 2635 solutis-'⁹
1792 2578 1934 2631 lund
1955 2585 2134 2630 autem
2154 2591 2416 2642 nunquam
2437 2574 2600 2627 fiebat

1531 2661 1621 2715 die
1655 2659 1838 2723 natali,
1884 2672 1948 2708 eo
1992 2655 2133 2723 quod
2183 2655 2383 2706 nollent
2430 2651 2595 2705 vitam

1531 2737 1764 2795 adimere
1800 2750 1864 2786 eo
1901 2734 1989 2784 die
2029 2749 2131 2823 quo
2169 2733 2341 2783 lucem
2380 2744 2598 2795 accepe-

1532 2820 1678 2865 rant.
1712 2813 1804 2864 sed
1838 2811 2058 2862 litabant
2081 2811 2219 2873 vino,
2239 2802 2473 2871 floribus,
2493 2809 2594 2857 &c-

1533 2896 1593 2945 ut
1615 2889 1765 2941 citati
1785 2903 1905 2939 mox
1927 2886 2031 2936 loci
2060 2886 2307 2937 innuunt.
2343 2883 2452 2934 sive
2475 2882 2599 2948 quia

1532 2968 1707 3019 vinum
1728 2964 2009 3016 hilaritatis
2042 2960 2330 3026 symbolum
2352 2966 2409 3010 et
2440 2973 2599 3011 causa

1535 3050 1646 3104 est;
1678 3042 1789 3093 sive
1813 3041 1936 3105 quia
1956 3053 2053 3104 per
2071 3037 2225 3091 flores
2246 3038 2371 3088 vitae
2388 3034 2599 3103 quidem

1533 3119 1804 3170 amenitas
1826 3116 2052 3185 simnlxet
2081 3115 2310 3165 brevitas
2343 3111 2600 3177 significa0

1532 3198 1707 3261 batur,
1737 3196 1899 3261 juxta
1939 3194 2065 3243 illud
2112 3191 2319 3243 Horatii
2359 3191 2598 3251 citatum,

1532 3278 1549 3304 ‘
1564 3287 1845 3325 memorem
1869 3270 2041 3321 brevis
2064 3268 2196 3321 aevi.’
2247 3267 2384 3326 Vide
2409 3268 2600 3319 censo·

1534 3367 1721 3404 unum.

1604 3428 1783 3492 Genio]
1850 3425 1915 3476 Id
1937 3431 2041 3487 est,
2070 3424 2125 3474 in
2157 3424 2403 3473 honorem
2424 3420 2601 3485 Genii,

1536 3508 1627 3573 qui
1648 3507 1793 3557 Deus
1813 3511 1946 3564 erat,
1970 3502 2065 3552 sub
2088 3501 2238 3566 cujus
2262 3501 2429 3551 tutela
2456 3498 2603 3551 nasei

1538 3583 1827 3650 quemlibet
1863 3588 1921 3632 et
1960 3580 2136 3629 vivere
2181 3579 2382 3642 antiqui
2421 3576 2603 3629 crede·

1542 3663 1689 3720 bant,
1707 3675 1861 3728 quem
1896 3664 2178 3723 propterea
2213 3654 2486 3720 quotannis
2518 3667 2604 3704 co·

1541 3741 1722 3792 lebant
1746 3738 1831 3789 die
1851 3736 2031 3787 natali.

1611 3818 1725 3868 Non
1765 3821 1820 3869 tu
1858 3830 2016 3880 prece,
2067 3810 2176 3878 qt]
2261 3811 2311 3862 Ο
2363 3808 2602 3861 Macrine

1540 3894 1761 3960 optime,
1789 3907 1891 3943 nou
1924 3888 2140 3955 perinde
2160 3901 2222 3937 ae
2244 3886 2388 3937 avari
2410 3885 2604 3951 injusta

1540 3978 1665 4022 vota
1687 3971 1806 4021 Diis
1824 3980 2106 4031 nuncupas.

1609 4045 1802 4109 limaci]
1856 4042 2197 4106 Impudenter
2220 4018 2275 4089 et
2296 4039 2455 4104 impie
2485 4053 2604 4089 cum

1541 4124 1661 4174 Diis
1699 4123 1776 4173 ita
1813 4117 2150 4187 paciscendo:
2204 4116 2463 4181 siqnidem
2505 4116 2603 4171 boe

403 4201 618 4267 perinde
638 4218 703 4254 ac
726 4202 815 4252 alii
844 4202 1083 4253 candidis
1104 4200 1299 4253 faustos
1334 4201 1467 4265 dies,
1540 4203 1629 4253 ,vel
1660 4199 1789 4251 illud
1823 4197 1950 4257 mibi
1970 4194 2249 4260 largimini,
2267 4196 2382 4244 hoec
2422 4200 2480 4247 et
2513 4193 2605 4244 illa

399 4279 659 4339 infaustos
691 4281 853 4347 nigris
889 4280 1082 4347 lapillis
1119 4287 1307 4332 notare
1343 4294 1466 4331 eon-

1545 4274 1684 4328 dona
1701 4275 1985 4355 rependam
2017 4285 2116 4352 ego
2140 4272 2307 4349 vobis.
2373 4270 2528 4322 Plato
2549 4271 2603 4321 iu
