3084 4934
522 397 657 472 164

1299 414 1375 469 A.
1418 414 1669 470 Pnnsn
1716 411 1983 468 rmum

522 559 571 630 J
573 580 763 628 amne
791 562 937 648 lyra
961 564 1029 627 et
1053 559 1288 627 tetrico
1322 560 1550 626 vivunt
1576 561 1697 627 tibi
1725 564 1993 648 pectine
2020 560 2332 629 chordae‘t

526 662 702 730 Mire
730 664 959 750 opifex
986 660 1279 728 numeris
1305 668 1602 729 veterum
1635 662 1996 749 primordia
2024 684 2263 744 rerum,

508 877 768 946 fldeejm
803 879 898 932 tibi
914 880 1080 944 vigent
1108 878 1289 946 plectro
1309 877 1504 931 severo?
1536 895 1572 932 o
1592 880 1869 932 «dniirande
1890 879 2092 947 artifex,
2122 880 2292 933 metris
2324 878 2570 931 intendere
2605 879 2736 947 prin-

1452 1022 1812 1046 “oceumea

587 1121 625 1170 2
658 1116 792 1169 Haec
809 1124 961 1170 vetus
990 1124 1071 1168 est
1110 1115 1290 1181 lectio,
1305 1131 1409 1168 non
1429 1116 1617 1167 Tetrico
1626 1132 1645 1176 ,-
1679 1132 1796 1182 quse
1832 1124 2007 1170 tamen
2026 1117 2209 1169 eodem
2232 1118 2397 1169 redit:
2434 1131 2552 1167 nam
2572 1116 2738 1167 'retri-

526 1198 618 1235 cus
652 1184 807 1234 Mons
843 1184 1167 1247 Sabinorum,
1204 1183 1355 1233 cu’us
1392 1183 1566 1246 gentis
1611 1197 1781 1233 mores
1812 1183 2123 1234 .severiores
2162 1184 2321 1234 etiam
2361 1191 2469 1232 tum
2509 1181 2739 1245 fuerunt,

525 1249 733 1316 quando
754 1249 968 1314 reliquae
1005 1248 1175 1300 Italiae
1196 1263 1267 1302 „so
1288 1248 1427 1299 utior
1454 1248 1574 1311 jam
1605 1245 1903 1313 disciplina.
1958 1248 2320 1299 cannabum-*s
2347 1248 2616 1315 primordia
2658 1262 2736 1297 uo·

1524 1362 1740 1415 NOTAE

521 1462 671 1513 villas
693 1478 799 1514 non
815 1468 1020 1514 tantum
1053 1462 1367 1513 valetudinis
1402 1462 1590 1527 gratia,

523 1548 581 1591 et
608 1556 767 1592 verno
804 1547 1061 1605 tempore,
1095 1540 1344 1590 secedere
1380 1540 1590 1602 solitos3

523 1617 614 1666 sed
636 1622 692 1669 et
728 1617 955 1684 qualibet
978 1622 1313 1681 tempestate,
1334 1623 1394 1667 ut
1416 1617 1588 1668 studio

520 1693 605 1742 vel
642 1694 913 1759 scriptioni
950 1693 1303 1755 indulgerent.
1371 1694 1592 1744 Constat

521 1783 589 1819 ex
609 1770 784 1822 Tullio
804 1770 973 1837 Epist.
996 1772 1075 1821 ad·
1097 1768 1265 1821 Attic.
1296 1770 1515 1821 Sueton.
1534 1771 1590 1820 in

522 1848 782 1913 Augusto,
803 1863 923 1913 cap.
948 1852 980 1900 7
984 1852 1033 1898 2.
1067 1848 1257 1900 Horat.
1283 1846 1452 1913 Epist.
1475 1860 1516 1897 1.
1538 1850 1592 1898 7.

523 1932 579 1976 et
602 1930 686 1977 15.
707 1931 763 1976 et
783 1926 913 1976 aliis.

585 2001 798 2065 Bruma]
864 2001 1026 2055 Quasi
1063 2001 1270 2066 βραχεῖα
1304 1997 1472 2065 ἡμέρα,
1511 2000 1590 2051 iu-

521 2078 636 2144 quit
679 2080 880 2130 Festus.
954 2079 1086 2130 Dies
1130 2078 1252 2128 anni
1296 2077 1589 2128 brevissimi

520 2155 661 2206 circa
684 2157 964 2207 solstitium
978 2156 1234 2220 hyemale.
1270 2154 1427 2205 Ovid.
1446 2155 1588 2206 Fast.

518 2246 561 2283 r.
596 2235 612 2262 ‘
631 2234 824 2286 Bruma
839 2234 959 2283 novi
983 2233 1145 2298 prima
1169 2238 1268 2297 est,
1289 2232 1588 2298 veterisque

520 2311 796 2361 novissima
818 2310 986 2361 Solis?

589 2389 765 2454 Basse]
827 2387 1114 2453 Ambigunt
1134 2386 1326 2439 eruditi
1349 2387 1464 2455 quis
1486 2388 1588 2439 iste

519 2461 719 2514 Bassus.
788 2464 974 2515 Plures
1017 2473 1165 2515 certe
1186 2464 1403 2514 fuerunt
1438 2464 1589 2528 hujus

517 2539 737 2589 nominis
757 2540 874 2604 viri,
913 2542 1001 2591 sed
1039 2541 1344 2606 cognomina
1367 2546 1422 2590 et
1445 2548 1588 2590 artes

516 2627 611 2665 seu
633 2617 873 2668 instituta
896 2617 1228 2668 dissentiunt.
1263 2619 1353 2667 De
1377 2615 1591 2667 Aufidio

519 2691 687 2743 Basso
722 2695 845 2745 belli
884 2695 1189 2746 Germanici
1220 2695 1508 2760 Scriptore,
1533 2701 1591 2745 et

512 2769 585 2820 de
619 2771 791 2822 Saleio
835 2772 999 2823 Basso
1032 2773 1199 2838 Epico
1239 2772 1427 2832 Poeta,
1462 2789 1590 2840 quos

519 2847 699 2900 laudat
721 2849 1071 2903 Quintilianus
1093 2865 1151 2901 x.
1193 2856 1243 2901 1.
1277 2866 1377 2901 non
1401 2857 1483 2904 est
1504 2852 1590 2902 hic

514 2924 730 2977 menti0.
816 2925 1052 2992 Agellius
1075 2942 1163 2979 ιιι.
1187 2942 1303 2992 cap.
1327 2929 1424 2978 ult.
1459 2929 1598 2994 item-

402 3025 411 3030 -
514 3000 553 3050 l.
576 3015 631 3051 v.
656 3018 704 3052 c.
739 3006 789 3056 7.
821 3010 877 3054 et
901 3005 1028 3055 alibi
1061 3006 1299 3056 meminit
1332 3006 1394 3056 C.
1419 3007 1590 3068 Bassi,

517 3079 610 3144 qui
644 3078 711 3129 de
750 3081 1116 3134 vocabulorum
1154 3083 1352 3146 origine
1376 3084 1508 3133 scite
1529 3092 1588 3134 et

512 3154 691 3219 lepide
733 3158 960 3222 scripsit,
1003 3165 1060 3209 at
1108 3160 1275 3210 soluta
1320 3160 1584 3211 oratione:

516 3237 676 3300 atque
720 3236 852 3286 adeo
893 3252 997 3286 non
1042 3243 1128 3288 est
1168 3238 1255 3287 hic
1308 3237 1586 3288 Persianas

515 3308 728 3372 Bassus,
753 3311 957 3361 etiamsi
988 3318 1197 3362 veterum
1220 3313 1487 3377 primordia
1505 3329 1586 3363 vo-

514 3398 620 3433 cum
660 3385 806 3449 legas
855 3392 911 3436 et
955 3402 1071 3436 cum
1109 3388 1264 3451 vulgo
1303 3386 1584 3451 intelligas.

436 3459 451 3484 ⁴
514 3459 763 3523 Superest
795 3462 959 3526 igitur
981 3470 1042 3513 ut
1076 3453 1307 3520 veterem
1331 3463 1587 3514 Scholias-

513 3540 622 3585 tem
667 3552 971 3603 sequamur:
1028 3541 1104 3590 sic
1149 3540 1336 3592 habet:
1390 3543 1407 3571 ‘
1432 3542 1586 3593 Hanc

512 3611 736 3664 Satiram
776 3615 960 3666 scribit
999 3617 1213 3668 Persius
1254 3618 1319 3668 ad
1360 3620 1585 3670 Caesium

513 3689 734 3743 Bassum
768 3692 990 3744 Poetam
1029 3695 1290 3759 Lyricum,
1325 3711 1479 3762 quem
1509 3694 1585 3747 fa·

512 3781 599 3817 ma
636 3774 718 3819 est
753 3770 806 3818 in
827 3771 1057 3842 ,praediis
1097 3773 1200 3821 suis
1238 3773 1484 3839 positum,
1505 3789 1586 3823 ar-

510 3844 671 3906 dente
705 3847 932 3904 Vesuvio
971 3853 1147 3900 monte
1183 3850 1504 3918 Campaniae,
1525 3857 1584 3902 et

510 3921 618 3973 late
640 3922 857 3993 ignibus·
869 3921 1173 3990 abundanti,
1200 3941 1315 3976 cum
1340 3928 1466 3977 villa
1487 3943 1584 3977 sua

511 4006 684 4050 ustum
705 4016 834 4051 esse.
904 4001 1011 4052 Hic
1036 4017 1179 4068 ergo,
1198 4003 1319 4053 dum
1354 4005 1582 4067 viveret,

508 4073 684 4134 Roma
722 4076 787 4130 ad
824 4076 1042 4129 Sabinos
1079 4080 1373 4131 necessario
1394 4081 1581 4132 transi-

506 4149 621 4214 hat,
657 4152 747 4202 ubi
779 4153 1000 4204 brumali
1025 4162 1288 4219 tempore,
1321 4157 1376 4205 in
1411 4156 1582 4206 calido

503 4227 634 4286 ,loco
653 4229 878 4284 carmina
897 4231 1195 4282 scribebat.’
1238 4234 1407 4301 Favet
1423 4233 1584 4302 Quin-

512 4304 592 4356 til.
642 4306 760 4359 loco
803 4309 899 4360 cit.
944 4309 1037 4375 qui
1079 4310 1316 4378 ‚Caesium
1360 4310 1582 4360 Bassum

1668 1464 1828 1530 paulo
1866 1468 1996 1514 ante·
2030 1463 2243 1526 vixisse,
2276 1467 2334 1512 et
2373 1460 2391 1489 ‘
2410 1462 2528 1525 post
2570 1458 2740 1510 Hora-

1669 1542 1800 1594 tium
1822 1542 1998 1607 Lyrici
2020 1540 2271 1593 Carminis
2291 1539 2498 1590 laudem
2523 1535 2738 1602 tulisse,’

1671 1617 1761 1667 ait.

1735 1675 1935 1758 Sabino]
1989 1694 2181 1745 Sabina
2202 1700 2346 1745 terra
2363 1706 2489 1758 agro
2506 1693 2742 1758 Romano

1668 1773 1917 1838 contigua
1938 1779 2175 1823 veterem
2206 1769 2609 1838 appellationem
2642 1765 2739 1817 eti-

1672 1864 1877 1900 amnum
1905 1849 2120 1900 retinet.

1734 1930 1767 1976 2
1798 1927 1972 1977 «Iamne
1993 1925 2123 1991 lyra]
2177 1924 2218 1980 J
2216 1940 2368 1977 amne
2388 1922 2591 1989 Lyricis
2617 1923 2741 1974 Car-

1669 2002 1890 2052 minibus
1945 2017 2089 2053 more
2138 2008 2230 2053 tuo
2263 2002 2541 2069 ¹egregiam
2585 2014 2741 2053 navas

1670 2080 1918 2143 operam?

1734 2155 1894 2221 Lyra]
1965 2157 2119 2221 Lyrae
2162 2147 2404 2208 inventor
2444 2152 2740 2206 Mercurius

1669 2233 1914 2286 traditur.
1978 2235 2118 2286 Vide
2153 2235 2393 2285 Macrob.
2418 2233 2678 2283 Saturnal.
2699 2245 2740 2282 1.

1669 2314 1753 2360 19.
1785 2308 1941 2360 Alex.
1966 2309 2033 2361 ab
2055 2310 2209 2362 Alex.
2233 2325 2297 2362 11.
2320 2314 2403 2362 25.

1740 2388 1926 2438 Tetrico
1973 2388 2139 2438 vivunt
2183 2388 2273 2438 tibi
2299 2386 2486 2453 pectine
2530 2381 2739 2447 ehordoe]

1671 2462 1755 2513 An
1776 2464 1995 2515 chordae·
2012 2465 2224 2515 citharae
2244 2465 2355 2530 jam
2380 2480 2411 2513 a
2448 2471 2504 2515 te
2536 2463 2740 2529 pulsan-

1639 2549 1644 2554 ’
1670 2548 1755 2591 tur
1786 2542 2018 2606 pectine,
2052 2551 2108 2593 et
2149 2557 2330 2607 graves
2355 2540 2485 2591 *soni
2520 2539 2743 2590 reddun-

1670 2620 1793 2670 tur?
1824 2619 2011 2670 Tetrico
2035 2620 2089 2669 in
2132 2619 2374 2683 gravibus
2406 2633 2467 2668 ac
2491 2616 2642 2667 seriis
2666 2630 2743 2665 ar-

1672 2696 1951 2761 gumentis,
1985 2703 2041 2748 et
2074 2696 2255 2746 Stoico
2293 2695 2480 2758 digniS,
2513 2698 2574 2743 ut
2597 2693 2744 2742 aiunt

1668 2774 1847 2840 aliqui.
1914 2774 2038 2823 Fuit
2066 2773 2206 2837 apud
2238 2772 2456 2822 Sabinos
2478 2785 2628 2821 mons
2653 2784 2743 2820 uo-

1667 2851 1806 2908 mine
1832 2850 2071 2913 Tetricus,
2096 2850 2189 2900 sed
2210 2849 2339 2898 nihil
2357 2848 2427 2900 >ad
2450 2863 2577 2898 rem.

1741 2926 1943 2989 Vivant]
1988 2927 2129 2976 Dum
2151 2932 2299 2976 muta
2308 2926 2460 2991 jacet
2481 2927 2614 2989 lyra,
2634 2922 2741 2974 vel-

1669 3005 1749 3056 uti
1790 3011 1996 3058 mortua
2037 3010 2152 3054 est:
2210 3008 2269 3053 at
2327 3017 2445 3053 cum
2502 3001 2741 3067 pulsatur

1667 3087 2031 3146 moveturque,
2085 3086 2198 3132 tum·
2251 3078 2397 3146 loqui
2453 3085 2510 3131 et
2561 3075 2739 3128 vivere

1667 3149 1894 3210 videtur.
2641 3211 2646 3216 ,

1732 3242 1763 3287 8
1815 3238 1946 3287 Mire
1989 3235 2172 3302 opifex,
2194 3233 2421 3297 numeris,
2463 3229 2572 3296 ssa]
2655 3229 2739 3280 Tu

1668 3302 1755 3379 qui
1777 3314 1974 3378 peritus
1998 3328 2053 3368 es
2075 3303 2267 3363 fidibus
2290 3315 2495 3375 aptare,
2526 3313 2583 3357 et
2617 3307 2741 3380 Car-

1666 3392 1805 3440 mine
1829 3377 2019 3455 Ly⁰rico
2042 3389 2341 3441 describere
2364 3384 2649 3452 primordia
2682 3389 2739 3433 et

1665 3466 1898 3533 origines
1923 3482 2012 3517 seu
2035 3480 2224 3529 rerum,
2242 3478 2334 3514 seu
2352 3460 2740 3524 vocabulorum,

1667 3548 1767 3595 διο.
1850 3557 1854 3561 ’
2655 3588 2674 3598 κ

1740 3620 1958 3670 Vetemm
2005 3614 2273 3684 primordia
2314 3614 2498 3677 vocum]
2585 3611 2737 3678 Legit

1668 3695 2023 3757 casaubonus,
2053 3692 2316 3759 primordia
2351 3706 2527 3752 rernm,
2564 3696 2624 3740 ut
2664 3689 2740 3737 in·

1665 3771 1935 3836 telligatur
1976 3771 2192 3821 historia
2235 3767 2390 3834 primi
2447 3764 2731 3829 temporis3

1663 3862 1762 3899 nec
1817 3848 1957 3898 enim
2009 3847 2207 3911 legitur
2262 3858 2499 3909 usquam,
2551 3841 2738 3907 inquit,

1662 3925 1936 3989 scripsisse
1959 3925 2153 3975 Caesius
2176 3923 2368 3971 Bassus
2404 3919 2468 3967 de
2507 3915 2739 3981 Origini-

1664 4001 1762 4052 bus
1786 4015 1986 4052 vocum.
2019 3997 2299 4063 Explicant
2320 3995 2408 4045 alii
2432 3993 2500 4043 de
2522 3994 2734 4043 vocibus

1663 4077 1948 4143 antiquatis
1984 4083 2040 4125 et
2063 4073 2335 4134 obsoletis,
2376 4084 2502 4137 quas
2542 4070 2734 4119 Bassus

1662 4153 1899 4203 versibus
1921 4152 2025 4202 suis
2057 4151 2315 4201 insereret
2347 4159 2451 4196 non
2486 4146 2597 4195 sine
2620 4152 2734 4195 arte

1664 4236 1720 4280 et
1757 4231 1967 4281 decore.
2075 4227 2183 4280 Alii
2225 4231 2435 4277 veterum
2473 4223 2735 4292 primordia

1664 4323 1826 4359 vocam
1878 4308 2059 4358 dicunt
2120 4320 2232 4356 esse
2286 4303 2454 4370 ipsam
2489 4288 2733 4371 Poesim,
