3084 4934
1166 420 1420 474 rssnsu
1514 423 1680 474 SAT.
1726 423 1809 474 11.

451 572 518 619 ω
549 567 828 635 Peuma]
874 521 1201 632 mmm.
1249 567 1450 621 ouibu-

374 646 460 700 fas
479 651 595 698 erat
616 645 761 696 Deos
795 644 988 695 rectius
1023 657 1358 709 cognoscere,
1392 651 1449 696 et

377 725 570 786 colere,
620 736 709 771 vos
744 721 860 771 rudi
894 721 986 771 illa
1006 721 1282 785 plebecula
1317 721 1447 772 nibi-

371 803 427 853 lo
483 800 843 865 sapientiores.
913 797 1141 848 Reddite
1197 797 1449 863 rationes,

376 877 505 943 quid
527 890 654 940 opes
676 876 729 925 in
753 875 962 939 templis
983 874 1208 925 faciant?
1257 876 1447 926 Casan-

376 955 503 1005 bon.
522 954 674 1018 legit,
693 953 911 1003 iuuere.
980 952 1183 1003 Meton.
1211 951 1450 1017 adjuncti

377 1046 478 1096 pro
497 1031 755 1095 subjecto.
824 1031 886 1080 lu
909 1044 1058 1079 sacro
1081 1030 1296 1093 templo.
1356 1029 1449 1079 Sa-

379 1122 514 1157 crum
536 1106 672 1156 enim
696 1111 779 1156 est
800 1120 886 1155 res
914 1106 1031 1155 Deo
1052 1118 1221 1155 saera.

418 1190 509 1235 Ι70
540 1185 764 1247 Donata,
783 1184 892 1248 ξω]
943 1182 1196 1233 Solebaut
1229 1181 1448 1245 virgines

382 1268 506 1312 ante
529 1276 682 1327 quam
714 1259 992 1322 nuberent,
1029 1260 1264 1324 quaedam
1296 1258 1452 1325 virgi-

380 1340 564 1391 nitatis
587 1354 693 1389 suae
733 1339 869 1388 dona
896 1337 1089 1389 Veneri
1123 1351 1448 1389 consecrare.

380 1418 502 1469 Hoc
547 1425 604 1472 et
649 1418 811 1467 Varro
849 1416 1050 1467 scribit.
1125 1416 1232 1467 Vet-
1273 1415 1451 1467 Sos.-

379 1496 564 1558 Nemps
587 1494 694 1559 Ιιοσ]
739 1493 858 1543 Hoc
890 1499 991 1557 est,
1011 1492 1176 1544 Nihil.
1242 1493 1450 1557 Nempe

377 1570 689 1622 tantundem
710 1585 890 1621 aurum
923 1570 976 1621 in
1000 1570 1209 1635 templis
1238 1571 1326 1621 vel
1345 1576 1450 1621 sta-

376 1649 483 1701 tuis
519 1648 757 1713 prodest,
791 1653 1042 1713 quantum
1062 1647 1256 1697 Veneri
1283 1647 1449 1697 luneae

375 1729 464 1780 vel
486 1741 653 1780 cereae
674 1742 849 1792 pnpae,
869 1734 927 1777 et
944 1727 1285 1791 imagunculae
1309 1728 1451 1792 puel-

375 1808 513 1856 lares
562 1820 594 1856 a
619 1805 820 1871 virgine
854 1801 1084 1869 n'uptnra
1115 1811 1450 1855 consecrata.

376 1884 627 1934 Solebant
670 1889 845 1933 autem
912 1882 1154 1947 Virgines
1207 1887 1454 1947 nupturae

380 1976 499 2011 suas
518 1975 703 2025 pupas,
722 1961 1072 2025 imagunculae
1093 1959 1352 2024 puellares
1370 1960 1453 2009 vel

380 2038 631 2102 sigillaria
647 2038 839 2088 Veneri
859 2034 1066 2100 offerre,
1083 2043 1328 2102 tanquam
1337 2036 1451 2101 jam

359 2113 669 2180 ,puerilibus
710 2114 926 2179 ineptiis
968 2113 1338 2163 valedictura:
1373 2113 1451 2165 sie

380 2190 561 2255 sponsi
599 2189 771 2239 mariti
815 2203 975 2239 nuces
1009 2187 1358 2253 spargebant:
1394 2195 1453 2240 et

379 2267 532 2330 pueri
551 2265 750 2316 virilem
776 2270 951 2330 togam
973 2264 1223 2329 induturi‚
1237 2266 1451 2331 bullam,

378 2358 657 2406 puerorum
680 2344 897 2408 insigne,
929 2343 1148 2396 Laribus
1170 2345 1451 2409 suspende·

380 2418 531 2471 bant.
564 2419 735 2470 Lubias.

443 2499 508 2544 71
548 2495 697 2557 Quia,
734 2493 843 2559 ζα]
910 2495 1188 2547 Conclusio
1229 2497 1450 2562 Satyra.

380 2571 633 2624 Quaenam
650 2571 764 2621 Diis
778 2577 926 2636 grata
941 2572 1047 2623 sint
1062 2587 1295 2639 munera,
1306 2575 1453 2639 qnid*-

379 2661 483 2710 que
498 2646 601 2696 illis
624 2645 966 2711 offerendum,
999 2649 1155 2700 docet
1191 2665 1260 2701 ex
1299 2652 1454 2703 colla-

378 2723 526 2773 tione
548 2723 900 2786 dissimilium3
936 2739 1126 2790 nempe
1146 2740 1252 2777 non
1277 2729 1454 2793 qualia

378 2793 582 2865 vul'gus,
603 2807 694 2852 aut
715 2802 958 2853 Messala
979 2801 1138 2866 filius,
1159 2811 1248 2856 ant
1264 2804 1452 2869 impro-

340 2935 347 2942 ,
379 2875 618 2928 bissimus
631 2877 866 2943 quisque,
881 2878 925 2929 si
940 2878 1093 2929 modo
1103 2880 1247 2930 dives
1263 2878 1452 2932 offerre

383 2961 575 3020 potest,
595 2954 688 3005 sed
729 2955 887 3005 animi
921 2955 1218 3021 candorem,
1247 2964 1305 3009 et
1324 2959 1450 3010 vitae

377 3031 915 3098 integritatem—De,
935 3034 1044 3099 esa]
1081 3035 1236 3088 Quod
1254 3036 1452 3087 Messa-

376 3109 448 3159 1ae
491 3108 626 3159 filius
660 3107 909 3174 degener,
947 3111 1000 3160 in
1030 3125 1238 3177 magno,
1271 3112 1454 3178 divite,

378 3185 513 3247 lato,
533 3191 591 3235 et
607 3185 828 3236 rotundo
857 3200 977 3237 vase
994 3187 1113 3237 Diis
1126 3202 1453 3255 consecrare,

381 3267 439 3311 et
460 3258 647 3314 offerre
669 3270 913 3328 nequeat.
981 3264 1112 3315 Erat
1139 3271 1315 3316 antem
1337 3268 1455 3317 lanx

380 3354 474 3389 vas
529 3339 684 3390 rebus
732 3340 936 3391 dii-inis*
958 3349 1156 3406 aptum.
1224 3343 1289 3394 ld
1329 3351 1413 3397 est
1435 3362 1450 3396 z

379 3416 538 3470 Quod
572 3418 724 3468 nullis
762 3418 955 3485 opibus
972 3420 1204 3483 parabile
1227 3429 1329 3485 est,
1349 3423 1454 3472 ani-

378 3508 522 3546 mum
576 3500 779 3545 rectum
820 3502 879 3546 et
921 3499 1141 3556 θεοσεβῆ.
1208 3497 1455 3551 Lahiru.—

378 3571 560 3636 Laaee]
594 3571 820 3623 Patella.
851 3571 1059 3624 Divites
1076 3573 1214 3624 enim
1230 3587 1262 3623 e
1278 3575 1450 3640 lance,

381 3666 643 3717 pauperes
665 3666 731 3703 ex
748 3651 934 3703 acerra
956 3653 1205 3705 libabant.

445 3733 512 3780 72
545 3731 784 3792 Messaloe,
817 3730 925 3793 ζα]
979 3731 1191 3781 Cottam
1216 3732 1456 3784 Messali-

377 3818 505 3855 num
525 3802 671 3869 dicit,
700 3805 787 3870 qni
812 3815 918 3855 tam
943 3806 1154 3858 vitiosos
1191 3809 1368 3860 oculos
1403 3810 1455 3859 in

378 3886 654 3932 senectute
675 3880 876 3945 babuit,
897 3887 957 3932 ut
980 3883 1248 3949 palpebras
1264 3886 1380 3950 ejus
1402 3886 1458 3935 in

382 3957 700 4007 exteriorem
724 3964 928 4020 partem
949 3965 1300 4011 verterentur.
1350 3961 1456 4012 Hic

381 4034 452 4084 ab
473 4031 689 4085 Aurelio
710 4034 872 4086 Cotta
888 4034 1184 4102 adoptatus,
1213 4036 1457 4089 Aurelius

382 4111 635 4162 maximus
650 4110 955 4174 dicebatur,
975 4112 1458 4182 originemjrabens

386 4185 457 4236 ab
500 4185 716 4238 Aurelio
756 4187 1001 4251 Messala,
1032 4187 1121 4252 qui
1141 4190 1336 4254 septies
1357 4189 1460 4242 fuit

386 4262 601 4313 consul.
640 4262 731 4328 qui
751 4276 872 4313 cum
896 4276 929 4313 a
951 4262 1176 4329 quodam
1213 4264 1369 4317 Gallo
1390 4267 1460 4317 ad

2460 401 2593 474 231

1526 580 1715 618 corvus
1755 578 1913 631 super
1950 564 2148 630 galeam
2178 565 2235 614 in
2267 562 2444 630 capite
2482 563 2594 629 ejus

1525 641 1683 707 sedit,
1704 648 1778 708 et,
1796 642 1935 692 victo
1954 641 2124 703 hoste,
2164 641 2418 693 Corvinus
2437 656 2587 692 voca-

1525 726 1611 771 tus
1633 727 1734 770 est.
1795 719 1903 771 Vct.
1939 717 2317 782 Sch.—Magni,
2346 717 2452 782 Sym]
2506 718 2593 767 In-

1525 798 1721 862 telligit
1763 797 1971 847 Cottam
2005 796 2355 859 Messalinam,
2389 795 2595 858 majori-

1522 874 1622 926 bus
1649 875 1755 925 suis
1776 874 2047 939 indignum
2083 880 2139 923 et
2159 874 2488 937 degenerem.
2524 872 2596 924 Et

1524 966 1622 1016 pro
1640 951 1821 1018 quovis
1839 950 2002 1001 nobili
2034 955 2092 999 et
2114 949 2276 999 divite
2298 948 2598 1014 ponitur.—

1523 1028 1704 1095 Lippu]
1739 1029 1897 1095 Lippi
1922 1028 2185 1078 interdum
2211 1041 2305 1092 pro
2328 1026 2597 1092 improbis,

1525 1113 1589 1156 ut
1610 1112 1667 1157 et
1685 1106 1789 1155 bic.
1826 1106 1978 1156 Idem.

1588 1187 1654 1233 78
1690 1182 2031 1246 Conpositum]
2060 1182 2255 1233 Versus
2290 1181 2508 1249 egregii,
2542 1187 2599 1234 et

1526 1275 1562 1310 a
1594 1259 1770 1310 multis
1816 1258 2142 1324 Christianis,
2190 1260 2484 1327 Lactantio,
2540 1268 2598 1312 et

1525 1337 1641 1387 aliis
1658 1336 1873 1389 laudati.
1904 1336 2063 1388 Lubin
2066 1337 2473 1402 .·-Compositum
2486 1338 2598 1403 jus]

1524 1415 1725 1465 Notum
1748 1419 1845 1477 est,
1872 1414 1964 1479 jus
2004 1414 2070 1463 nd
2104 1412 2274 1466 officia
2290 1414 2427 1466 inter
2444 1415 2603 1466 bomi-

1523 1506 1618 1542 nes
1640 1491 1844 1554 referri,
1865 1490 1943 1542 fas
1961 1507 2089 1542 vero
2113 1492 2179 1542 ad
2197 1492 2448 1558 pietatem
2471 1507 2601 1558 erga

1524 1568 1713 1619 Deum.
1779 1569 1852 1619 Et
1878 1569 2193 1619 membranae
2229 1575 2423 1621 nostrae
2444 1568 2601 1621 animi
2711 1617 2720 1620 ,

1523 1645 1728 1709 legunt,
1758 1658 1863 1695 non
1892 1660 2065 1697 uam.
2100 1645 2320 1697 Qsaub.
2320 1646 2593 1711 —Compo·

1522 1722 1692 1785 εὔια]
1758 1722 2085 1773 Contrarium
2138 1731 2223 1773 est
2272 1722 2597 1776 dissolutum.

1525 1799 1592 1866 Ῑῤ
1636 1804 1737 1861 est,
1776 1799 2023 1849 Animum
2056 1798 2358 1863 compositae
2379 1799 2600 1864 justitias

1527 1882 1585 1927 et
1602 1874 1885 1942 aequitatis.
1950 1875 2039 1926 Sic
2060 1875 2077 1903 ‘
2097 1876 2373 1942 compositi
2393 1876 2602 1929 mores?

1525 1952 1901 2018 -Sanetooqu,
1917 1953 2025 2017 tm]
2076 1952 2142 2004 Id
2174 1959 2287 2017 est,⁸
2311 1952 2599 2006 Interiores

1525 2031 1646 2083 illos
1666 2032 1890 2097 abditos,
1906 2039 1965 2084 et
1984 2030 2267 2098 profundos
2298 2032 2490 2085 mentis
2512 2049 2603 2084 an-

1524 2106 1745 2173 fractus,
1784 2108 1965 2159 abdita
2006 2109 2096 2158 illa
2127 2115 2184 2160 et
2211 2116 2420 2160 secreta
2440 2112 2600 2162 animi

1526 2185 1705 2251 adyta,
1745 2191 1943 2249 nucu,
1974 2190 2033 2236 et
2072 2186 2187 2236 sine
2215 2186 2357 2236 omni
2376 2188 2601 2251 macula,

1523 2262 1722 2314 scelere
1742 2277 1891 2327 pura,
1912 2262 2153 2314 candida.
2185 2263 2362 2314 lubin.

1587 2344 1655 2392 74
1696 2341 1779 2406 Et,
1812 2340 1921 2406 θα]
1950 2340 2167 2391 'Pectus
2204 2340 2366 2391 nobili
2403 2341 2513 2398 illo,
2544 2345 2605 2392 et

1525 2434 1779 2485 generoso
1797 2420 2031 2485 honesto,
2049 2420 2267 2485 virtute,
2288 2420 2506 2486 pietate,
2524 2419 2603 2470 in-

1525 2498 1800 2563 tegritate,
1816 2513 1918 2549 non
1929 2498 2119 2550 leviter
2131 2498 2372 2564 tinctum,
2382 2495 2475 2548 sed
2492 2498 2602 2565 pla-

1525 2588 1594 2625 ne
1629 2581 1691 2625 et
1718 2575 1875 2639 plene
1895 2574 2172 2638 imbutum,
2194 2574 2504 2637 coloratum,
2526 2574 2606 2623 in-

1526 2657 1753 2704 coctum.
1784 2652 2024 2716 Metapb.
2059 2665 2092 2701 a
2120 2652 2314 2702 vellere
2351 2652 2436 2702 vel
2467 2653 2607 2717 lana,

1525 2730 1611 2781 eni
1633 2730 1837 2780 colores
1870 2728 2239 2794 incoquuntur.
2271 2727 2445 2780 Lubia-
2513 2729 2604 2779 In·

1525 2805 1723 2870 telligit
1749 2819 1878 2869 ergo
1900 2805 2138 2869 Persius,
2154 2810 2481 2856 constantem
2502 2804 2607 2854 sibi

1526 2889 1688 2946 atque
1708 2880 2086 2933 immutabilem
2114 2882 2379 2932 virtutem.
2444 2882 2603 2931 Gene-

1525 2973 1689 3009 rosam
1706 2956 1841 3009 dixit
1857 2957 2118 3022 matam,
2143 2957 2268 3022 quia
2290 2972 2418 3007 vera
2437 2956 2608 3022 pietas

1528 3049 1782 3100 generosa
1830 3040 1933 3097 est,
1975 3034 2128 3085 bouae
2182 3033 2294 3099 spei
2342 3035 2499 3099 plena
2548 3041 2609 3085 et

1527 3109 1804 3176 ἐλευθέρως.
1871 3112 2069 3162 Contra
2106 3109 2428 3175 superstitio,
2458 3110 2611 3160 meti·

1528 3190 1727 3253 culosa,
1773 3195 1833 3239 et
1884 3188 1941 3239 in
1971 3188 2185 3238 humum
2216 3186 2441 3252 dejecta.
2512 3190 2608 3239 Cu·

1594 3348 1658 3394 75
1693 3343 1835 3408 Haec,
1875 3342 1986 3406 θα]
2037 3341 2156 3392 Hoc
2201 3347 2385 3406 pectus
2435 3338 2611 3392 candi·

1524 3420 1652 3470 dum
1684 3426 1740 3471 et
1774 3435 1964 3485 purum
1986 3417 2118 3470 offer
2138 3421 2260 3470 Deo
2279 3419 2334 3470 in
2353 3416 2607 3469 sacrifici-

1525 3513 1642 3559 um;
1687 3503 1744 3549 et
1779 3498 1907 3561 codo,
1928 3496 2120 3547 exhibe
2141 3495 2285 3558 mihi,
2309 3501 2367 3545 ut
2390 3494 2496 3545 aris
2520 3496 2606 3544 vel

1524 3574 1715 3639 templis
1754 3574 1991 3625 Deorum
2024 3574 2079 3623 iu
2117 3571 2427 3622 sacrificium
2465 3571 2612 3621 exhi-

1527 3651 1699 3715 beam,
1744 3658 1803 3702 et
1842 3646 2404 3710 admoveam-Eme]
2469 3647 2608 3698 Boni

1528 3731 1688 3782 etiam
1733 3728 1871 3778 farre
1915 3735 1973 3777 et
2011 3724 2168 3776 fictili
2202 3724 2428 3788 religiosi
2466 3730 2607 3775 sunt.

1528 3807 1661 3857 Erat
1685 3811 1856 3855 autern
1876 3802 1969 3864 sur
1991 3803 2127 3853 mola
2150 3802 2305 3866 salsa,
2324 3815 2450 3867 qua,
2470 3808 2609 3853 teste

1529 3882 1721 3942 Plinio,
1754 3895 2029 3947 pauperes,
2073 3880 2162 3946 qui
2210 3880 2362 3929 thure
2401 3886 2610 3942 carent,

1528 3961 1688 4012 litare
1701 3956 2202 4022 solebant.-Fme]
2225 3956 2291 4006 Id
2313 3962 2412 4023 est,
2434 3958 2608 4008 Parvo

1531 4036 1784 4087 sacrificio
1817 4051 1936 4088 cum
1956 4035 2257 4086 innocentia
2276 4034 2477 4099 gratior
2493 4049 2608 4098 ero,

1532 4129 1687 4181 quam
1709 4125 1897 4179 magno
1930 4111 2163 4163 adhibito
2185 4110 2464 4175 sacrificio,
2486 4126 2607 4162 cum

1531 4191 1807 4256 impietate
1822 4195 1879 4241 et
1894 4190 2113 4240 scelere.
2113 4186 2377 4253 -LetaNJ
2430 4188 2607 4242 Litsre

1532 4274 1616 4319 est
1636 4268 1738 4320 rite
1758 4266 2057 4319 sacrificare
2077 4272 2135 4316 et
2163 4266 2445 4336 impetrare
2464 4263 2607 4331 quod

384 4337 797 4391 monomachiam
834 4338 889 4392 in
932 4338 1115 4405 prelio
1169 4348 1477 4410 vocaretur,
1533 4359 1567 4396 a
1586 4343 1711 4398 Diis
1726 4344 1970 4411 petimus.
2001 4342 2175 4396 hubin.
