3084 4934
516 349 646 417 100

511 503 931 574 Dinomaches
973 526 1083 595 ego
1126 526 1284 587 sum,
1317 507 1536 574 suffla:
1583 528 1715 572 sum
1733 520 1739 529 ·
1758 505 2077 575 candidus.
2167 508 2373 579 Esto:

1271 362 1344 411 A.
1393 316 1641 413 rmtsu
1683 361 1960 417 ‘Phe-cci

2637 511 2725 578 20

514 608 699 678 Dum
721 630 807 675 ne
837 610 1125 714 deterius
1153 611 1376 695 sapiat
1403 626 1754 693 pannucea
1772 610 2049 692 Baucis,

511 712 689 779 Cum
718 715 892 779 bene
921 712 1247 778 discincto
1276 714 1637 779 cantaverit
1665 713 1889 781 ocima
1911 732 2160 781 vernae.

513 816 610 885 Ut
633 836 830 883 nemo
857 817 928 881 in
959 835 1107 882 sese
1135 819 1343 891 tentat
1369 814 1788 897 descendere,
1816 817 2054 885 nemo!

510 1002 643 1055 «li-d
682 1015 948 1080 responsam
976 968 1178 1054 dederit.
1244 1002 1510 1064 Modoubi,
1545 1008 1638 1067 etJ
1624 1001 1788 1063 acta;
1825 1002 1933 1064 Ego
1968 1016 2072 1051 uns
2098 1000 2415 1080 Dinomaches
2440 998 2616 1053 filius·
2644 1001 2718 1052 in·

512 1073 733 1130 tumme,
762 1062 937 1128 eruic,

975 1066 1382 1116 Formosum.
1450 1069 1708 1130 Bmest,
1738 1065 2199 1117 dammodoBoaois

2232 1072 2593 1130 manuum-ta
2626 1082 2721 1118 non

511 1102 982 1197 nisanoae’wimeit,
1011 1132 1196 1197 quondo
1226 1132 1572 1182 resumam
1598 1102 1912 1196 proclamabit
1944 1132 2343 1182 smodissolato.
2411 1131 2460 1181 0
2497 1134 2720 1197 quomodo

1443 1276 1620 1298 00000

1623 1277 1771 1297 00000

503 1366 642 1430 puta,
659 1377 770 1427 noa,
788 1365 872 1427 ὅτ.
905 1361 1195 1414 casaubon.
1217 1362 1349 1413 istud
1370 1361 1503 1413 Edd.
1524 1359 1860 1426 plurium—»21
1889 1359 2124 1426 pannutia
2143 1357 2284 1411 Edit.
2305 1358 2621 1426 stopie—2⁴
2651 1360 2721 1412 sic

1508 1498 1723 1551 No'rAE

569 1617 637 1664 20
655 1612 994 1680 Dino-ceses]
1026 1614 1322 1665 Dinon-«ohe
1342 1611 1574 1678 perillus·

507 1690 607 1746 tris
629 1689 861 1755 foemina,
884 1706 915 1742 e
938 1707 1040 1758 qua
1057 1691 1301 1742 trahebat
1321 1689 1574 1754 originem

506 1767 830 1832 Alcibiades,
851 1777 909 1819 et
928 1769 1118 1820 exinde
1137 1768 1475 1833 gloriabatur.

572 1846 753 1912 W]
779 1846 1165 1897 Gloriabundus
1183 1846 1377 1896 exulta.

572 1921 718 1987 Esto]
751 1924 832 1973 Sis
865 1924 991 1974 licet
1012 1921 1266 1974 formosus
1286 1939 1301 1984 3
1326 1921 1451 1988 quid
1473 1922 1573 1971 hoc

506 1998 575 2055 ad
600 2000 734 2051 bene
756 2000 1147 2064 imperandum?

569 2079 634 2127 21
667 2077 872 2141 Baucis]
907 2077 1052 2128 Anus
1074 2078 1412 2143 paupercula.
1460 2076 1573 2126 Hu-

494 2152 586 2218 jus
629 2154 865 2205 meminit
909 2154 1128 2208 Ovidius
1173 2153 1392 2206 Metam.
1444 2168 1573 2205 vm.

505 2230 731 2287 Ponitur
759 2232 843 2299 hjc
878 2246 976 2297 pro
996 2231 1229 2298 qualibet
1267 2230 1477 2295 abjecta
1515 2237 1573 2281 et

501 2306 594 2358 vili
612 2308 935 2358 muliercula.

568 2388 635 2435 22
671 2385 953 2435 enataveris
970 2383 1120 2440 ocima
1139 2383 1316 2448 cerna]
1349 2383 1572 2437 Abstru-

504 2473 562 2511 sa
581 2472 794 2524 prorsus
813 2460 1091 2525 sententia,
1109 2460 1279 2527 inquit
1297 2460 1572 2512 Turnebus

501 2534 723 2605 Advers.
759 2550 854 2587 xv.
893 2542 945 2588 8.
986 2553 1159 2603 ,quam
1195 2552 1294 2588 nec
1324 2538 1479 2601 plane
1513 2552 1573 2588 se

500 2626 658 2677 posse
695 2613 959 2678 explicare
990 2615 1066 2665 ait
1103 2614 1234 2666 ibid.
1303 2615 1589 2680 Interpre·.

501 2694 682 2741 tantur
704 2692 1067 2752 communiter,
1102 2706 1256 2742 anum
1291 2692 1430 2742 illam
1452 2692 1571 2742 her-

498 2765 594 2817 bas
625 2781 743 2818 suas
779 2769 887 2818 alta
909 2782 1039 2818 voce
1072 2769 1394 2832 proclamare
1413 2784 1571 2820 vena-

499 2843 598 2907 les,
621 2859 705 2913 *ac
742 2844 956 2894 laudare
997 2845 1137 2909 apud
1183 2859 1358 2896 servos
1390 2861 1567 2906 emere

499 2919 751 2984 volentes,
787 2927 848 2971 ut
881 2920 1052 2970 carius
1074 2921 1303 2983 vendat3
1340 2923 1423 2972 vel
1444 2938 1564 2989 qum
1591 2976 1596 2985 ,

499 2995 768 3049 cantando
780 2996 939 3050 etiam
961 2997 1229 3048 vocaverit
1249 3004 1305 3049 et
1323 2999 1568 3052 allexerit

498 3071 683 3136 quibus
705 3072 912 3123 vendat.
963 3071 1037 3123 At
1057 3074 1387 3129 casaubonus
1409 3076 1565 3140 paulo

496 3148 738 3201 subtilius
781 3150 921 3204 huuc
974 3151 1146 3202 locum
1182 3159 1467 3219 scrutatur,
1509 3160 1567 3205 et

497 3225 728 3290 explicat
751 3226 818 3276 de
844 3226 935 3276 vili
954 3228 1270 3294 muliercula,
1294 3232 1461 3295 qualis
1481 3239 1588 3287 est.

494 3301 776 3359 herbarum
799 3303 1083 3367 venditrix,
1117 3320 1233 3356 cum
1265 3307 1430 3358 obviis
1453 3307 1588 3372 qui·.

491 3379 729 3430 buslibet
756 3386 813 3431 et
833 3381 1054 3432 maxime
1076 3397 1192 3432 cum
1215 3382 1379 3433 servis
1412 3390 1565 3447 petu-

491 3454 718 3505 lantibus
739 3463 979 3507 certante
1000 3457 1206 3522 probris
1218 3465 1287 3533 ‚at
1317 3459 1564 3510 maledic·

494 3530 595 3591 tis:
632 3537 690 3583 ut
725 3533 795 3583 sit
831 3548 1038 3584 sensus:
1093 3549 1211 3587 cum
1249 3536 1315 3590 ad
1355 3550 1564 3589 servum

493 3606 747 3672 dicacem,
787 3615 844 3659 et
879 3610 996 3674 ipsa
1018 3611 1170 3661 dicax
1193 3612 1484 3662 cantaverit
1506 3619 1588 3667 et:

490 3685 770 3750 ingesserit
812 3687 983 3750 ocimu,
1027 3687 1083 3737 id
1118 3695 1203 3740 est
1264 3689 1590 3747 maledieta..

492 3760 721 3826 Quippe,
743 3769 802 3814 ut
827 3763 987 3814 habet
1017 3764 1156 3814 Plin.
1176 3779 1295 3818 ιιι.
1319 3773 1366 3819 7.
1399 3768 1415 3795 ‘
1441 3768 1564 3819 Oci-

490 3850 636 3887 mum
670 3854 787 3891 cum
820 3841 1110 3893 maledictis
1148 3859 1209 3894 ac
1242 3846 1447 3910 probris
1484 3863 1564 3897 se-

492 3913 734 3977 rendum,
754 3920 813 3965 ut
843 3917 1014 3968 laetius
1051 3922 1341 3984 proveniat,
1379 3926 1562 3987 praeci-

489 3986 733 4052 plebant'
768 3992 1114 4056 superstitiosi
1139 4002 1359 4047 veteres.
1427 3999 1562 4050 Cum

492 4063 796 4117 casaubono
834 4067 977 4123 idem
1003 4071 1159 4133 plane
1180 4073 1341 4122 sentit
1362 4075 1578 4135 Turne-

489 4138 587 4197 bus
606 4139 825 4199 Advers.
846 4156 984 4200 xxx.
1006 4149 1054 4195 8.
1088 4148 1336 4214 quicquid
1359 4151 1559 4214 garriat

489 4213 788 4273 Autumnus
810 4216 1099 4289 Interpres,
1136 4223 1225 4292 qui
1245 4232 1392 4277 certe
1413 4225 1557 4278 vide-

1652 1617 1742 1660 tur
1770 1609 2089 1674 Turnebum,
2122 1616 2213 1660 aut
2235 1625 2339 1661 non
2363 1609 2589 1674 omnino,
2623 1613 2718 1661 aut

1653 1687 1820 1752 primo
1854 1693 2056 1738 tantum
2078 1688 2264 1750 legisse
2285 1687 2417 1750 loco,
2447 1700 2599 1751 quem
2621 1686 2716 1750 eti-

1652 1779 1733 1823 am
1760 1778 2034 1827 perperam
2056 1764 2206 1827 citat,
2239 1764 2291 1814 in
2318 1762 2472 1814 Notis
2494 1763 2596 1813 illis
2617 1762 2718 1814 sin·

1654 1841 1934 1906 gularibus,
1957 1841 2140 1905 quibus
2165 1840 2528 1891 casaubonum
2558 1839 2731 1907 corrig

1653 1933 1779 1983 gere
1802 1918 2101 1983 pollicetur.

1721 1994 1910 2060 Ocima]
1949 1996 2083 2047 Sunt
2120 1996 2211 2062 qui
2245 1997 2446 2061 legant,
2487 1996 2628 2057 ocia,-
2660 2002 2718 2047 et

1651 2073 1916 2137 explicant
1970 2075 2292 2138 voluptatem
2347 2090 2423 2125 ac·
2453 2073 2716 2137 libidines,

1650 2165 1778 2215 quas
1818 2150 1958 2215 apud
2002 2165 2207 2202 servum
2237 2151 2435 2213 vetula,
2469 2156 2719 2215 ostentet,

1649 2233 1711 2277 ut
1750 2241 1869 2277 eum
1911 2227 2128 2277 alliciat.
2192 2227 2295 2278 Sed
2343 2242 2527 2292 apage.
2607 2222 2740 2277 Osi-⁴

1648 2319 1794 2366 m,
1817 2306 1929 2373 sive
1948 2306 2195 2370 ocyma,
2214 2306 2352 2370 quod
2375 2314 2431 2356 et
2446 2304 2717 2370 βασιλικὸν,

1648 2380 1812 2433 herba
1832 2389 1917 2432 est
1946 2380 2244 2444 odorifera3
2280 2384 2404 2433 item
2429 2383 2607 2447 pabuli
2628 2397 2736 2448 geffi

1649 2472 1762 2508 nus.
1838 2458 1967 2522 Ejus
1999 2458 2219 2509 virtutes
2260 2454 2323 2509 ac
2366 2460 2733 2526 proprietates¹

1652 2541 1922 2598 exponunt
1942 2535 2130 2599 Varro,
2152 2537 2303 2597 Cato,
2340 2535 2538 2585 Plinius
2561 2536 2717 2587 variis

1649 2609 1796 2658 locis.
1864 2610 1909 2659 A
1953 2611 2222 2663 celeritate
2264 2611 2600 2677 proveniendi
2640 2612 2716 2664 sic

1651 2686 1987 2750 appellatum,
2044 2689 2195 2739 testis
2249 2695 2331 2739 est
2374 2704 2443 2739 ex
2480 2690 2714 2741 Varrone

1650 2760 1788 2811 idem
1812 2760 2031 2826 Plinius,
2053 2777 2215 2814 xvm.
2240 2769 2321 2815 16.
2347 2771 2403 2815 et
2424 2764 2566 2816 alibi.
2612 2766 2716 2817 Po-

1646 2836 1791 2888 nitur
1811 2839 1894 2889 liic
1920 2854 2015 2903 pro
2039 2840 2222 2905 quovis
2245 2841 2406 2893 olere.

1710 2918 1775 2964 2³
1848 2915 1919 2966 Ut
1949 2931 2100 2980 nmo,
2127 2917 2236 2981 ξω]
2301 2918 2625 2971 Exclamatio
2658 2927 2716 2972 et

1646 2991 1983 3057 Epanalepsis
2013 2993 2421 3057 indignationem
2461 3002 2518 3047 et
2555 2996 2734 3059 admi·⁴

1646 3068 1898 3118 rationem
1934 3068 2242 3122 iudicantes.
2308 3071 2492 3137 Virgil.
2526 3074 2715 3140 Eclog.

1643 3156 1767 3195 vm.
1799 3145 1815 3172 ‘
1839 3145 1916 3195 Ut
1938 3145 2064 3208 vidi,
2097 3153 2159 3197 ut
2176 3147 2328 3212 perii,
2363 3155 2424 3199 ut
2444 3164 2527 3199 me
2549 3152 2734 3217 malus„

1643 3220 1855 3272 abstulit
1876 3236 2021 3273 error
2031 3222 2065 3272 l’
2095 3223 2281 3275 Horat.
2301 3225 2415 3276 Sat.
2437 3239 2477 3277 1.
2503 3232 2552 3278 1.
2573 3228 2591 3255 ‘
2606 3227 2713 3280 Ne-

1643 3297 1781 3347 mon'
1798 3303 1858 3348 ut
1880 3314 2067 3350 avarus
2088 3301 2155 3352 Se
2182 3300 2367 3365 probet
2377 3301 2414 3352 ?'

1715 3375 1784 3425 Ut
1821 3389 1954 3427 nemo
1994 3377 2049 3427 ia
2083 3393 2181 3428 sese
2215 3384 2371 3431 tentat
2407 3381 2707 3448 descendere]

1643 3454 1970 3508 Quibusdam
2001 3458 2177 3521 placet
2198 3457 2573 3523 digressionem
2595 3475 2730 3517 esse-

1641 3533 1727 3584 hie
1773 3533 1839 3584 ad
1883 3534 2053 3586 locum
2098 3550 2420 3587 communem
2460 3538 2709 3591 adversus

1643 3624 1733 3661 eos
1754 3613 1842 3677 qui
1867 3612 2038 3663 aliena
2072 3613 2299 3678 quidem,
2340 3628 2442 3664 non
2467 3615 2593 3665 item
2617 3631 2709 3666 sua

1644 3696 1821 3751 errata
1858 3689 2155 3754 pervident,
2178 3690 2246 3740 de
2284 3691 2472 3756 quibus
2516 3692 2707 3744 Horat.

1641 3765 1756 3818 Sat.
1777 3771 1916 3831 ¹¹·.⁸·
1950 3767 1966 3794 ‘
1986 3768 2117 3818 Cum
2141 3773 2232 3818 tua
2248 3768 2522 3832 pervideas
2544 3770 2709 3821 oculis

1641 3844 1782 3896 mala
1816 3844 1991 3908 lippus
2011 3844 2257 3907 inunctis,
2298 3844 2402 3896 Cur
2436 3846 2491 3894 in
2518 3845 2707 3897 amico·

1640 3937 1750 3972 rum
1775 3922 1915 3972 vitiis
1938 3928 2042 3981 tam
2078 3922 2247 3972 cernis
2268 3929 2497 3984 acutum,
2536 3925 2730 3983 Quam-

1639 4004 1732 4048 aut
1754 3997 1948 4063 aquila,
1984 4005 2075 4048 aut
2102 4013 2315 4064 serpens
2341 4000 2649 4064 Epidaurius
2667 4000 2704 4051 θ’

1637 4077 1735 4128 ἄιε.
1803 4075 1879 4125 At
1902 4075 1990 4125 alii
2013 4077 2276 4127 Neronem
2299 4078 2481 4127 volunt
2501 4077 2588 4129 hic
2607 4077 2704 4128 eti·

1638 4166 1722 4201 am
1742 4152 1873 4218 peti,
1895 4152 1982 4218 qui
2003 4153 2132 4203 alios
2154 4160 2335 4204 notare
2350 4154 2501 4218 velit,
2521 4168 2579 4205 se
2600 4167 2704 4205 non

1579 4228 1896 4304 corrigat5
1931 4230 2019 4298 qui
2054 4236 2146 4284 aut
2175 4246 2236 4283 se
2271 4245 2376 4283 non
2405 4232 2572 4300 norit,
2610 4237 2724 4289 aut.
