3084 4934
515 405 661 478 182

1276 428 1349 479 A·
1396 425 1646 481 minen
1673 430 1958 483 numm

406 623 416 629 .
516 566 655 648 Qui
673 568 853 653 prior
879 587 979 649 es,
1010 587 1128 637 eur
1152 591 1259 638 me
1286 574 1356 639 in
1382 574 1669 641 decursu
1697 576 2014 663 lampada
2040 581 2275 664 poscis
2292 576 2329 647 ‘l

512 670 683 736 Sum
706 673 830 738 tibi
855 672 1259 742 Mercurius:
1303 679 1499 743 venio
1530 677 1721 744 Deus
1747 679 1878 745 huc
1910 699 2059 764 eg0,
2090 683 2164 749 u't
2190 685 2304 749 ille
2352 705 2364 746 ;

512 771 836 856 Pingitur.
922 774 1034 841 An
1057 781 1280 843 renuis
1302 781 1333 844 ‘l
1377 779 1530 860 vi’n’
1561 788 1632 847 tu
1661 783 1943 867 gaudere
1963 786 2213 852 relictis
2228 788 2259 850 'l
2697 829 2702 835 -

509 878 532 908 ‘
570 874 771 942 Deest
797 878 1051 964 aliquid
1078 900 1353 949 summae
1361 882 1399 948 .'
1489 884 1712 952 Minui
1746 889 1945 955 mihi:
1990 889 2112 954 sed
2139 890 2275 955 fibi
2315 891 2679 973 ‘totum'esss

509 1071 577 1120 es,
595 1073 741 1121 quare
750 1061 879 1123 petis
908 1077 940 1111 a
959 1077 1035 1113 me
1054 1062 1216 1124 facem
1234 1067 1287 1117 ia
1306 1082 1447 1118 cursa
1464 1066 1490 1119 :²
1523 1069 1643 1120 &m
1660 1071 1753 1121 tibi
1779 1074 1925 1124 velut
1943 1074 2233 1126 Mercurius.
2299 1076 2410 1139 Ego
2448 1075 2549 1127 tibi
2580 1076 2724 1126 Deus

505 1125 672 1174 accedo
692 1125 865 1191 isthuc,
878 1127 1001 1177 eiciat
1014 1129 1097 1179 ille
1114 1132 1405 1195 depingitur.
1471 1134 1555 1185 Aa
1571 1136 1795 1189 recusas?
1855 1139 1999 1189 Visae
2040 1144 2099 1190 ta
2117 1139 2230 1201 frui
2251 1141 2314 1191 iis

2335 1158 2441 1206 «ιω
2468 1142 2678 1205 relinquo
2694 1139 2721 1193 ?

512 1186 726 1239 Atenim
746 1206 938 1257 anum
967 1195 1178 1246 mikil
1192 1199 1459 1250 detractum
1489 1207 1580 1251 est.
1648 1202 1856 1267 Nempe
1887 1206 2083 1255 detraxi
2103 1205 2256 1257 ἠιίΙιὶ.
2297 1206 2432 1258 ,Τέω
2450 1207 2561 1258 tero
2582 1207 2725 1270 quod·

1507 1359 1729 1411 No'rAE

572 1463 636 1510 61
674 1461 773 1519 Qui
787 1466 922 1529 prior
939 1466 1011 1530 es]
1043 1468 1120 1518 Tu
1139 1484 1278 1535 vero,
1296 1486 1327 1522 o
1342 1471 1577 1538 legitime

512 1533 698 1602 haeres,
724 1554 842 1590 cum
863 1543 1033 1594 senior
1054 1560 1136 1595 me
1155 1547 1224 1596 sis
1244 1554 1301 1598 et
1321 1556 1450 1600 natu
1474 1566 1579 1601 ma-

503 1611 612 1676 jor,
655 1630 749 1667 cur
788 1632 819 1667 a
859 1634 943 1669 me
977 1621 1337 1677 haereditatem
1377 1641 1577 1694 speras,

512 1689 603 1753 qui
623 1706 734 1743 sum
763 1694 944 1759 junior
973 1703 1028 1747 et
1049 1698 1104 1747 in
1135 1714 1289 1752 cursu
1309 1703 1435 1753 vitae
1454 1705 1578 1769 'pos-

510 1766 708 1818 tet-ior?
788 1770 908 1837 Vel,
945 1780 1005 1823 tu
1044 1776 1133 1840 qui
1176 1778 1358 1829 Manio
1401 1782 1579 1844 potior

510 1841 637 1890 mihi
674 1858 750 1909 es,
766 1851 822 1896 et
853 1863 979 1901 vere
1022 1861 1297 1918 cognatus,
1329 1870 1425 1906 cur
1455 1857 1580 1909 dum

508 1920 650 1986 vivo,
670 1924 966 1980 hereditati
986 1946 1118 1982 meae
1131 1933 1294 1984 inhias
1314 1943 1438 1986 aute
1452 1937 1579 2002 legi-

512 1998 696 2067 timum
735 2007 959 2070 tempus,
984 2008 1183 2059 scilicet
1218 2019 1342 2064 aute
1377 2014 1580 2066 absolu-

504 2080 624 2126 tum
669 2077 789 2151 vitai
832 2081 1095 2134 stadium?
1183 2087 1344 2139 Certe
1399 2104 1582 2142 cursor

510 2165 612 2201 non
636 2155 775 2218 petit
809 2157 1100 2224 lampadem
1127 2164 1192 2214 ab
1221 2164 1326 2215 alio
1349 2171 1473 2217 ante
1492 2167 1582 2218 de·

510 2244 714 2281 cursum
754 2236 1011 2298 spatium:
1055 2254 1320 2305 nunqnam
1366 2256 1488 2293 vero
1526 2244 1579 2293 in
1645 2243 1648 2244 ⁷

504 2309 626 2373 ipso
646 2324 814 2379 cursu,
833 2328 934 2366 nec
949 2316 1090 2381 prior
1106 2333 1137 2369 a
1157 2320 1464 2387 posteriore,
1485 2323 1596 2373 sed

614 2394 665 2438 tr
699 2427 714 2443 .
1064 2427 1071 2434 ·

504 2401 698 2515 -cfflmin
713 2483 787 2518 me
820 2470 876 2519 in
909 2473 1108 2523 demersa
1142 2475 1359 2539 lantpada
1400 2478 1585 2543 poscas]

511 2542 809 2609 Allegorica
844 2550 1037 2601 locutio
1062 2552 1302 2605 desumta
1342 2569 1373 2604 a
1394 2565 1583 2617 λαμπα-

509 2622 751 2687 δηδρομία.
838 2627 1066 2693 Nempe,
1116 2636 1176 2681 ut
1230 2632 1306 2681 ait
1373 2632 1581 2697 Suidas,

500 2699 790 2780 .Lampadis
813 2704 920 2753 tria
939 2701 1078 2755 festa
1097 2713 1219 2757 sunt
1251 2707 1392 2772 apud
1414 2707 1580 2760 Athe·

511 2776 732 2843 nienses,
804 2779 1181 2847 Panatheuaea,
1253 2785 1584 2851 vulcanalia,

510 2854 841 2909 Promethea.
928 2859 1011 2909 De
1058 2859 1363 2912 Promethei
1402 2862 1588 2918 Sacris·

507 2923 594 2983 hic
612 2937 808 2987 mentio
831 2943 929 3002 est,
958 2938 1012 2988 in
1037 2938 1222 3004 quibus
1245 2941 1469 3005 juvenes
1493 2956 1580 2993 ac-

509 3024 688 3061 censas
712 3002 879 3064 taedas
903 3020 1167 3080 gestantes
1207 3016 1583 3083 decurrebant,

502 3086 902 3155 ⁴certabantque,
921 3092 1035 3157 quis
1052 3091 1120 3141 ad
1143 3097 1358 3159 scopum
1383 3094 1581 3158 primus

507 3154 813 3225 nerveniret
844 3181 949 3217 non
988 3169 1222 3219 extincta
1260 3168 1397 3221 face.
1430 3217 1433 3222 .
1463 3171 1584 3221 Pri-

506 3253 624 3292 mus
666 3240 991 3309 defatigatus
1030 3246 1286 3312 proximo,
1321 3248 1365 3297 is
1397 3253 1585 3313 postea

490 3314 743 3383 gdefessus
764 3319 936 3386 alteri,
967 3328 1022 3371 et
1051 3321 1302 3389 deinceps
1326 3324 1459 3375 alius
1495 3325 1585 3376 alii

500 3392 755 3446 tradebat
778 3397 1048 3449 ardentem
1070 3397 1264 3463 facem,
1285 3399 1453 3451 donec
1475 3415 1584 3452 me·

498 3475 620 3519 ·tam
664 3474 1044 3540 pertingerent.
1123 3478 1202 3527 Ea
1238 3477 1451 3543 quidem
1493 3495 1585 3530 ara

500 3547 812 3602 Promethei
844 3552 897 3602 in
933 3552 1223 3605 Academia
1253 3553 1376 3621 fuit,
1415 3571 1446 3606 a
1481 3572 1584 3623 qua

461 3674 465 3677 ,
507 3626 577 3675 ad
610 3628 794 3679 urbem
818 3620 996 3681 cursus
1035 3638 1151 3682 erat
1183 3647 1303 3683 cum
1345 3634 1581 3685 accensis

502 3695 761 3767 *ejusmodi
805 3705 1025 3759 facibus.
1111 3707 1250 3759 Vide
1312 3708 1464 3761 Alex.
1488 3709 1581 3761 'ab

499 3778 666 3832 Alex.
681 3796 736 3831 v.
760 3786 810 3833 8.
877 3784 1046 3848 Hujus
1064 3786 1455 3837 consuetudinis
1475 3801 1583 3837 me-

509 3857 775 3910 minerunt
793 3860 960 3910 Varro
995 3873 1085 3912 ιιι.
1115 3866 1197 3912 16.
1233 3862 1300 3913 de
1338 3864 1419 3913 Re
1439 3859 1581 3918 ,Rus-

510 3934 637 4001 tiea,
657 3938 746 3988 ubi
778 3938 872 4002 ait,
911 3939 929 3968 ‘
949 3940 1105 3991 Nunc
1138 3955 1295 3992 cursu
1322 3941 1581 4008 lampada

511 4010 614 4061 tibi
633 4014 783 4065 trado
797 4014 830 4076 ς’
846 4013 912 4064 -id
936 4022 1049 4080 est,
1075 4016 1172 4067 tibi
1193 4017 1404 4069 dicendi
1434 4019 1578 4070 vices

508 4087 677 4139 trado.
743 4090 931 4141 Cicero
953 4091 1021 4142 ad
1052 4092 1293 4145 Herenn.
1315 4093 1395 4147 η’.
1415 4095 1433 4124 ‘
1455 4097 1579 4147 Non

511 4166 667 4231 enim,
687 4168 1113 4234 quemadmodum
1129 4171 1181 4221 in
1203 4174 1470 4238 palaestra,
1492 4174 1584 4240 qui

513 4244 681 4296 taedas
720 4246 966 4299 ardentes
1000 4250 1209 4314 sculpit,
1247 4253 1468 4304 celerior
1501 4259 1584 4305 est

514 4320 569 4372 in
589 4330 742 4376 eursu
769 4324 1032 4393 continuo,
1055 4341 1211 4395 quam
1243 4327 1334 4384 ille
1367 4330 1456 4397 qui
1478 4336 1584 4383 tra·

1658 1476 1771 1536 dit;
1805 1475 1881 1526 ita
1911 1477 2096 1527 melior
2126 1475 2425 1542 Imperator
2457 1491 2621 1527 novus
2640 1474 2727 1543 qui

1658 1552 1855 1617 accipit
1885 1554 2190 1618 exercitum,
2231 1569 2383 1621 quam
2405 1555 2493 1604 ille
2515 1556 2607 1620 qui
2638 1555 2728 1606 de-

1658 1633 1828 1684 cedit:
1893 1641 2178 1699 propterea
2220 1636 2361 1701 quod
2413 1634 2728 1701 defatigatus

1657 1725 1841 1761 cursor
1863 1711 1955 1761 dat
1975 1711 2181 1778 integro
2202 1711 2373 1763 facem
2392 1732 2409 1777 ;
2440 1720 2498 1763 at
2526 1713 2611 1764 bic
2641 1728 2729 1779 pe-

1659 1787 1794 1838 ritus
1816 1788 2115 1854 Imperator
2136 1790 2380 1855 imperito
2403 1790 2728 1841 exercituin!

1660 1864 1732 1915 Et
1754 1871 1877 1916 ante
1899 1865 2016 1916 illos
2040 1868 2316 1931 Lucretius
2347 1868 2439 1919 lib.
2460 1882 2524 1919 11.
2545 1884 2624 1921 vs.
2643 1871 2728 1921 w.

1661 1942 1679 1971 ‘
1702 1940 1869 2008 Inque
1902 1944 2050 1994 brevi
2074 1945 2248 2010 spatio
2282 1951 2550 1995 mutantur
2572 1947 2731 1996 saecla

1660 2019 1999 2085 animantum,
2019 2022 2105 2071 Et
2143 2022 2293 2087 quasi
2327 2036 2569 2073 cursores
2603 2022 2731 2073 vitai

1665 2097 1913 2162 lampada
1934 2098 2189 2150 tradunt.’
2249 2101 2254 2104 ’
2544 2111 2552 2120 “

1661 2200 1668 2207 ·
1723 2180 1792 2226 62
1825 2176 1945 2226 Sum
1963 2177 2059 2228 tibi
2092 2179 2387 2245 Mercurius]
2435 2180 2538 2230 Ner
2556 2194 2641 2230 me
2671 2184 2734 2230 ut

1662 2252 2028 2319 propinquum,
2056 2260 2113 2306 te
2134 2263 2195 2306 ut
2227 2256 2488 2306 haeredem
2508 2254 2733 2320 certum,

1660 2345 1829 2381 meam
1867 2329 2230 2385 baeredita'tem
2253 2334 2403 2400 quasi
2438 2340 2580 2384 tuam
2615 2334 2735 2388 tibi-

1662 2423 1764 2472 que
1772 2409 1895 2473 jure
1918 2410 2162 2461 debitam*
2176 2411 2290 2475 jam
2319 2425 2458 2461 nunc
2487 2411 2733 2474 intuere3

1666 2485 1759 2536 sed
1793 2486 1966 2551 potius
2001 2486 2157 2552 finge,
2180 2487 2280 2537 tibi
2314 2502 2399 2536 me
2438 2501 2552 2538 esse
2588 2488 2736 2539 velut

1662 2563 2005 2628 Mercurium,
2037 2567 2128 2631 qui
2148 2564 2248 2616 tibi
2274 2565 2480 2630 ἐρμαῖον,
2501 2564 2734 2630 inspera-

1660 2645 1770 2690 tum
1810 2645 1867 2690 et
1906 2638 2182 2691 fortuitum
2219 2643 2519 2692 thesaurum
2558 2648 2614 2692 et
2657 2645 2736 2693 lu·

1658 2730 1806 2766 crum
1840 2717 2110 2785 annuntio,
2132 2718 2328 2785 indico,
2359 2721 2581 2772 ostendo
2614 2736 2738 2787 cap·

1662 2793 1897 2846 tandum.

1734 2871 1882 2923 Venio
1914 2872 2050 2923 Deus
2089 2873 2179 2924 huc
2208 2873 2319 2938 ego]
2373 2875 2641 2940 Inopinati
2679 2881 2736 2926 et

1660 2946 1879 2998 indebiti
1899 2948 2033 2998 lucri
2066 2950 2234 3012 Deus,
2257 2957 2318 3000 ut
2352 2950 2734 3024 diximum-Sat.

1661 3038 1724 3075 11.
1746 3040 1824 3077 vs.
1842 3030 1926 3079 11.
1944 3025 2011 3076 ad
2031 3027 2194 3077 verba
2216 3028 2361 3077 haec:
2397 3028 2589 3079 Dextro
2600 3028 2737 3078 'Her-

1667 3203 1674 3208 ·
1736 3183 1808 3233 Ut
1836 3184 1918 3234 ille
1944 3184 2191 3252 pingitur]
2230 3186 2526 3237 Mercurius
2555 3187 2736 3253 pinge·

1663 3260 1821 3312 batur
1844 3277 1999 3313 manu
2034 3271 2219 3315 tenens
2249 3271 2545 3316 crumenam
2579 3281 2737 3331 pecu·

1663 3338 1753 3388 nia
1775 3340 2059 3405 'gravidam
2094 3347 2151 3391 et
2174 3333 2489 3407 turgentem.
2529 3339 2737 3409 suidas,

1667 3416 1991 3466 Macrobius.
2157 3425 2166 3432 “
2471 3415 2477 3420 ”

1729 3496 1793 3542 63
1830 3493 1911 3543 An
1964 3496 2149 3561 renuis]
2206 3494 2293 3545 Au
2336 3510 2440 3546 non
2483 3497 2559 3547 vis
2597 3495 2736 3546 bona

1661 3584 1781 3619 mea
1797 3572 1942 3621 velut
1966 3571 2127 3635 gratis
2151 3561 2286 3624 data
2301 3573 2541 3638 accipere
2564 3579 2622 3623 et
2645 3574 2737 3622 ad·

1661 3647 1917 3697 veutitia?
1984 3648 2195 3699 Horat.·
2218 3645 2328 3700 Sat.
2379 3663 2444 3699 11.
2488 3653 2536 3700 3.
2589 3654 2604 3678 ‘
2630 3650 2735 3699 Ex-

1661 3737 1796 3786 cors,
1820 3724 2041 3789 Rejecta
2077 3726 2275 3791 praeda,
2307 3739 2458 3793 quam
2503 3740 2734 3791 praesens

1661 3801 1959 3854 Mercurius
1982 3804 2132 3855 fert?
2211 3869 2216 3878 Ὗ

1734 3880 1861 3931 Vi’n’
1878 3887 1931 3932 tu
1940 3884 2151 3945 gaudere
2172 3881 2379 3946 relictis]
2397 3882 2559 3933 Visne
2575 3881 2736 3947 potiri

1659 3954 1970 4007 baereditate
1993 3973 2130 4021 mea,
2148 3964 2271 4022 post
2302 3964 2523 4009 mortem
2545 3971 2734 4023 meam,

1661 4028 1913 4101 quantula
1936 4035 2095 4086 fuerit
2116 4037 2241 4086 illa?

1725 4118 1792 4165 64
1824 4114 1975 4165 Deest
2010 4114 2191 4178 aliquid
2224 4113 2440 4178 summoe]
2489 4114 2735 4164 Fortasse

1664 4189 1827 4253 dices,
1846 4196 2048 4255 partem
2071 4190 2184 4254 ejus
2209 4190 2437 4256 aliquam
2473 4204 2505 4239 a
2540 4202 2623 4239 me
2647 4189 2735 4239 ab·

1660 4263 1881 4319 sumtum
1902 4265 2082 4320 fuisse.
2148 4265 2224 4317 At
2257 4280 2356 4331 ego
2393 4265 2489 4316 tibi
2525 4277 2736 4328 respon-

1664 4344 1784 4413 deo,
1803 4342 1958 4396 minui
1977 4343 2097 4395 milti
2109 4359 2130 4405 ,·
2154 4348 2235 4414 et,
2257 4341 2503 4412 quiequid
2528 4340 2736 4392 detrax-
2804 4335 2814 4352 ⁸
