3084 4934
544 1212 1373 1327 RECENSUS
1466 1213 2398 1317 EDITIONUM

1231 1471 1680 1570 PERsn,

386 1689 643 1746 LONGE
678 1692 1002 1749 Auc‘nou
1033 1692 1406 1749 FAnnrclo-
1408 1694 1880 1750 ERNESTIANO
1915 1696 2004 1748 ET
2047 1695 2131 1748 IN
2179 1692 2536 1748 QUATUOR

718 1802 731 1819 '
1100 1808 1396 1864 AETATES
1441 1808 1801 1862 monsws

1287 2071 1438 2094 ‘NG‘
1441 2070 1619 2095 &m

361 2319 448 2408 P
450 2361 641 2410 Sasu
676 2360 894 2411 .AE'rAs
952 2364 1002 2410 1.
1041 2347 1251 2409 natalis
1282 2336 1750 2422 -1469.-1499.
1773 2368 1791 2418 3
1833 2366 1966 2428 quae
2020 2345 2096 2407 ad
2140 2346 2403 2408 Persium
2445 2355 2569 2408 tum

442 2444 759 2526 separatim
796 2444 921 2506 sine
964 2446 1100 2506 loco
1140 2455 1200 2506 et
1226 2465 1402 2516 anno,
1432 2455 1560 2506 tum
1581 2446 1787 2507 Romoe
1814 2452 1915 2523 ap.
1938 2438 2145 2506 Udalr.
2175 2442 2418 2505 Gallum
2447 2449 2569 2521 (an.

382 2596 389 2603 .
448 2546 653 2617 1470.)
690 2563 832 2603 cnm
877 2542 913 2604 J
919 2543 1159 2604 uvenale
1203 2540 1430 2605 editum
1469 2543 1724 2621 origines
1759 2541 1954 2603 refert.
2040 2542 2166 2601 Has
2213 2551 2575 2620 exceperunt

388 2690 397 2699 .
444 2644 777 2703 Brixienses
803 2643 882 2702 ab
906 2662 1002 2703 an.
1041 2651 1215 2713 1473.
1235 2652 1297 2703 et
1317 2640 1785 2703 Mediolanenses
1806 2639 2092 2700 Zarotinae
2119 2638 2197 2699 ab
2225 2659 2322 2701 an.
2356 2647 2570 2709 1474.;

383 2786 393 2799 .
443 2740 690 2801 Venetae
714 2739 873 2812 dein,
894 2756 1228 2820 quarum—1.
1259 2759 1396 2800 cum
1427 2740 1661 2800 comm.
1692 2738 1894 2799 Barth.
1926 2737 2117 2798 Pontii
2145 2737 2366 2816 prodiit
2398 2747 2571 2801 1480.

447 2838 546 2898 Ab
565 2838 802 2898 alterius
817 2839 1297 2898 commentatoris
1317 2839 1352 2897 J
1356 2858 1415 2898 o.
1436 2836 1760 2897 Britannici
1787 2856 1930 2896 cura
1951 2835 2397 2895 commendatur
2407 2835 2576 2899 Brix-

388 2982 409 2997 .
440 2935 613 3011 iensis
632 2946 735 2997 11.·
756 2945 930 2997 1481.
976 2982 985 2989 .
1020 2924 1980 3015 Uterque-junctioeomparent-'in
2008 2935 2234 2995 Veneta
2258 2949 2357 2993 vl.
2392 2941 2571 3015 1491.

446 3034 680 3093 Persius
709 3055 847 3093 vero
877 3034 970 3093 vel
1000 3035 1182 3106 solus,
1213 3034 1306 3093 vel
1335 3053 1471 3093 cum
1501 3034 1536 3093 J
1542 3032 1790 3092 uvenale
1816 3031 1917 3092 edi
1946 3032 2275 3103 consuevit.

365 3131 500 3193 Sine
525 3148 683 3193 anno
709 3146 769 3193 et
796 3132 968 3193 loco:
997 3133 1180 3192 Persii
1209 3135 1475 3213 satyrae:
1508 3150 1689 3211 quam
1707 3130 1967 3210 scriptor
1982 3131 2173 3191 catal.
2199 3130 2353 3191 Bibl.
2382 3129 2577 3195 Hulsi-

450 3248 577 3289 unae
601 3228 865 3289 omnium
894 3229 1223 3309 principem
1250 3239 1457 3291 censet
1484 3249 1558 3289 ex
1580 3248 1773 3300 versu,
1803 3228 1905 3307 qui
1931 3224 1990 3286 in
2018 3216 2135 3289 fine
2161 3228 2410 3308 legitur:

640 3378 645 3383 ·
692 3331 1223 3424 Explicit'ignotus
1250 3362 1358 3423 per
1383 3353 1575 3404 totum
1606 3342 1859 3404 Pers-lus
1885 3342 2107 3403 orbem.

369 3489 453 3506 —
480 3458 659 3519 Persii
687 3460 883 3520 Flacci
910 3459 1250 3520 nobilissimi
1277 3461 1416 3543 Sat)
1420 3460 1518 3519 rici
1547 3459 1776 3532 ιιιιίειιε,
1800 3452 1906 3519 sed
1927 3458 2388 3539 elegantissimus
2406 3461 2580 3539 Saty·

454 3574 649 3617 rarum
691 3554 845 3617 liber
866 3557 966 3619 sol.
998 3559 1258 3618 occurrit
1308 3559 1364 3617 in
1414 3546 1546 3619 Cat.
1596 3557 1754 3617 Bibl.
1804 3558 2159 3619 Uffenbach.
2187 3558 2266 3617 T.
2304 3574 2382 3618 11.
2412 3556 2576 3639 App.
2647 3605 2651 3609 -

453 3651 745 3715 Incunab.
774 3655 916 3714 artis
946 3667 1175 3734 typogr.
1206 3654 1440 3715 Additt.
1469 3677 1528 3713 n.
1558 3651 1697 3715 346.
1725 3675 1789 3732 p.
1823 3663 1959 3723 817.

373 3764 456 3801 -“-
482 3761 541 3811 4.
568 3751 800 3811 Peisius
827 3771 961 3811 cum
989 3752 1199 3831 glossis
1229 3752 1521 3830 Scipionis
1551 3751 1792 3811 Ferrarii
1821 3748 2062 3828 Georgii
2091 3748 2194 3809 filii
2215 3749 2291 3809 de
2311 3751 2581 3813 Mousar-

452 3856 603 3919 rato,
632 3862 991 3908 memoratur
1030 3849 1274 3929 Engelio
1320 3849 1379 3908 in
1429 3849 1588 3909 Bibl.
1636 3848 1832 3909 select.
1864 3868 1925 3926 p.
1961 3855 2093 3911 1523.
2141 3847 2348 3915 Idem
2374 3849 2579 3930 Scipio

457 3945 632 4005 etiam
659 3944 721 4004 in
747 3946 878 4014 val.
910 3946 1106 4008 Flacci
1135 3950 1464 4025 Argonaut.
1493 3948 1718 4027 glossas
1746 3946 1953 4006 edidit.

378 4042 512 4117 Sine
556 4063 730 4114 anno,
783 4043 967 4103 Persii
1010 4048 1265 4125 Satyrum
1309 4047 1480 4125 cujus
1524 4045 1621 4105 ed.
1669 4053 2046 4114 vetustatem,·
2059 4048 2233 4105 certe
2284 4042 2342 4102 in
2386 4044 2585 4107 Gallia

412 4120 867 4220 ‘principatum,
917 4141 1141 4222 colligit
1188 4143 1447 4227 scriptor
1493 4144 1630 4207 Cat.
1678 4142 1832 4203 Bibl.
1880 4140 2058 4203 Huls.
2108 4161 2178 4202 ex
2228 4140 2535 4203 versibus
2519 4161 2579 4202 ιιι

463 4235 616 4298 fine:

511 4349 686 4415 Delph.
705 4354 753 4400 et
782 4349 898 4402 γαν.
920 4351 1048 4403 clas.
1503 4348 1646 4404 Pers.
2403 4352 2454 4403 Ἰ·
