3084 4934
1312 416 1594 468 SA'HRA
1643 420 1668 467 1
1680 447 1696 463 0

381 562 548 629 Sunt
577 582 747 647 quos
777 562 1248 647 Pacuviusque
1274 564 1343 629 et
1366 583 1720 631 verrucosa
1742 570 2030 631 moretur

376 664 709 750 Antiopa,·
725 665 1009 731 <erumnis
1039 688 1163 733 cor,
1183 665 1579 750 laetficabr'le
1591 665 1807 754 'fultra
1851 698 1882 726 a

381 767 537 854 Hos
564 772 790 853 pueris
815 772 1102 835 monitus
1118 775 1354 854 -patres
1385 770 1730 835 infundere¹
1756 773 1988 855 lippos

379 870 555 936 Cum
582 872 834 950 videaS‚
865 873 1215 957 quaerisne,
1239 873 1416 937 unde
1443 873 1592 938 haec
1621 881 1889 958 sartago
1915 869 2232 958 loquendi
2295 896 2301 903 ·

2492 876 2585 945 ὅθ

377 975 650 1069 Venerit
677 977 742 1040 in
768 977 1027 1060 linguas
1051 978 1079 1042 'l
1126 976 1298 1041 unde
1324 977 1503 1041 istud
1532 978 1845 1055 dedecuS‚
1876 978 1945 1043 in
1974 998 2136 1062 quo·
2565 1007 2581 1051 e„

373 1076 743 1144 Trossulus
769 1082 1058 1175 exsultat
1083 1082 1203 1145 tibi
1234 1101 1352 1165 per
1380 1081 1945 1153 subsellialevis'l

377 1179 578 1247 Nilne
603 1183 830 1267 pudet,
862 1186 1071 1268 capiti
1099 1204 1229 1249 non
1256 1203 1458 1268 posse
1483 1184 1782 1267 pericula
1809 1204 1978 1249 cano

370 1372 490 1460 &aa
509 1399 650 1449 Accii
674 1402 851 1453 nasei.
916 1405 1061 1455 Modo
1076 1384 1378 1470 reperiantur
1395 1403 1645 1468 homines,
1669 1419 1782 1469 qnos
1794 1405 2006 1456 detineat
2030 1406 2282 1468 Pacuvius,
2310 1409 2361 1455 et
2379 1378 2592 1470 Antiopa

369 1465 602 1516 salebrosa
645 1468 853 1517 animum
894 1471 1079 1520 tristem
1132 1471 1325 1521 habens
1364 1471 1601 1521 doloribus
1654 1471 1901 1521 obsessum.

2003 1469 2384 1534 Quandoquidem
2437 1471 2592 1521 cernis

369 1535 599 1599 parentes·
631 1533 878 1596 lippientes
917 1551 1170 1598 suggerere
1203 1537 1302 1585 haec
1339 1541 1577 1600 praecepta
1602 1535 1871 1598 juvenibus,
1915 1551 2117 1599 rogasne
2147 1538 2268 1585 unde
2288 1536 2383 1585 ista
2402 1536 2593 1585 dicendi

367 1595 545 1656 patella
565 1598 627 1645 ad
648 1613 698 1646 os
717 1601 983 1662 pervenerit
1002 1618 1022 1658 ,·
1058 1608 1113 1651 et
1137 1604 1258 1652 unde
1290 1600 1375 1651 hoc
1395 1602 1621 1666 probrum
1652 1602 1829 1662 veniat,
1850 1603 1911 1650 ad
1946 1603 2069 1664 quod
2106 1602 2197 1651 tibi
2215 1601 2405 1650 subsilit
2430 1603 2592 1664 Eques

370 1659 614 1733 ssomanus
628 1664 822 1728 politus,
837 1681 925 1729 per
949 1669 1080 1716 sedes
1097 1668 1362 1729 inferiores.
1418 1668 1621 1717 Nullane
1634 1669 1815 1731 pudore
1838 1667 2039 1732 afficeris
2062 1665 2201 1731 quod
2221 1681 2417 1729 nequeas
2434 1680 2594 1716 arcere
2661 1692 2668 1697 ,

1293 1814 1618 1836 &eoeneeeee
1624 1815 1650 1833 O

368 1894 551 1977 potest
590 1915 801 1967 negare.
838 1905 1234 1957 Canachum—82
1267 1911 1447 1960 exultet
1487 1910 1592 1960 Ms.
1638 1908 1890 1958 crat—84
1923 1903 2064 1959 Quid
2102 1903 2490 1968 vocat-tepidum
2511 1904 2590 1952 de-

1364 2053 1585 2105 NOTAE

368 2158 531 2211 Accio
552 2170 729 2213 vetere
752 2165 920 2215 Poeta
939 2170 995 2216 et
1011 2166 1232 2217 Pacuvii
1252 2174 1438 2218 coaeta-

364 2253 488 2314 neo,
512 2241 666 2303 paulo
690 2247 867 2291 tamen
896 2243 1127 2308 juniore,
1157 2259 1310 2309 quem
1332 2245 1439 2294 lau-

368 2314 496 2367 dant
532 2319 673 2368 Tull.
716 2335 810 2383 pro
852 2320 1048 2371 Archia
1093 2322 1281 2374 Poeta.
1326 2323 1439 2372 Ma-

369 2396 511 2446 crob.
547 2397 805 2447 saturnal.
828 2412 864 2449 1.
888 2404 937 2449 7.
972 2401 1109 2450 Item
1133 2416 1211 2452 vr.
1236 2406 1284 2451 l.
1309 2406 1358 2452 2.
1383 2408 1439 2451 et

367 2475 416 2521 5.
449 2473 689 2523 Valerius
715 2476 861 2525 Max.
881 2491 968 2527 111.
992 2482 1046 2532 ⁷.
1068 2485 1165 2528 art.
1195 2484 1275 2529 11.
1300 2479 1436 2530 Vide

367 2555 422 2599 et
446 2550 651 2614 Lylium
673 2552 962 2604 Gir-aldum.

428 2632 491 2677 77
530 2630 789 2693 Pacuvius]
864 2633 1239 2696 Brundusium,
1308 2634 1437 2687 anti-

366 2719 495 2769 quus
539 2706 1056 2774 Tragoediographus,
1091 2711 1193 2760 imo
1230 2712 1437 2776 Tragoe·

369 2781 550 2832 dorum
606 2783 883 2850 Princeps,
946 2787 1212 2851 aliquanto
1259 2790 1438 2852 junior

315 2852 321 2859 ”
365 2857 578 2923 Plauto,
616 2861 765 2910 Ennii
801 2877 867 2911 ex
894 2878 1070 2913 sorore
1094 2878 1256 2927 nepos
1280 2861 1437 2913 fuisse

366 2935 575 2986 dicitnr.
643 2939 721 2988 M.
757 2939 974 2989 Pacuvii
998 2946 1054 2989 et
1082 2941 1141 2990 L.
1163 2939 1312 2989 Accii
1337 2941 1439 2990 col-

363 3012 593 3078 loquium
614 3030 678 3064 ex
705 3017 975 3066 occasione
994 3015 1191 3066 factum
1204 3017 1438 3082 Tarenti,

363 3089 480 3154 lege
504 3092 643 3156 apud
666 3092 929 3157 Agellium
955 3106 1085 3141 xm.
1101 3097 1148 3142 2.
1168 3094 1293 3143 item
1311 3095 1439 3144 utri·

363 3164 525 3231 ‘usque
549 3169 717 3232 elogia
738 3169 878 3233 apud
895 3170 1114 3221 Quintil.
1138 3162 1192 3218 x'.
1221 3175 1266 3219 l.
1291 3171 1436 3220 Duo-

361 3240 476 3317 Jrum
510 3245 755 3296 horumce
794 3246 1079 3296 Poetarum
1119 3248 1286 3310 stylus
1324 3248 1436 3312 qui-

363 3320 479 3388 dem
503 3336 657 3386 asper
689 3331 744 3373 et
769 3324 944 3384 durus,
969 3331 1200 3376 attamen
1223 3324 1434 3373 interlu-

364 3404 452 3448 cet
477 3402 765 3452 sententiis.

364 3533 379 3545 ξ,
434 3477 714 3540 Verria-osa]
752 3479 912 3530 Quasi
933 3480 1162 3530 verrucis
1185 3485 1240 3529 et
1263 3486 1428 3530 turno-

364 3552 505 3603 ribus
526 3570 731 3618 aspera.

426 3636 490 3682 '78
524 3632 759 3696 Antiopa]
808 3633 938 3697 Lyci
959 3634 1252 3683 Thebarum
1273 3634 1430 3698 Regis

361 3724 493 3758 uxor
515 3709 580 3759 ob
602 3710 748 3761 Jovis
787 3709 1115 3760 concubitum
1156 3726 1185 3759 a
1219 3711 1329 3759 viro
1351 3726 1429 3761 re-

359 3786 592 3855 pudiata.
622 3788 822 3836 Titulus
847 3795 928 3836 est
944 3787 1234 3852 Tragoediae
1260 3788 1430 3837 Pacu-

362 3862 546 3923 vianae,
591 3865 737 3928 cujus
779 3865 1014 3914 meminit
1045 3864 1242 3913 Tullius
1284 3864 1432 3913 initio

362 3943 398 3991 l.
416 3956 456 3991 1.
482 3944 547 3991 de
572 3941 805 3991 Finibus.
1356 3944 1359 3945 ’

426 4019 676 4069 AErumm's
683 4017 841 4080 fulta]
880 4018 941 4066 Id
977 4024 1071 4080 est,
1118 4019 1222 4067 suis
1260 4034 1314 4068 se
1338 4019 1430 4068 mi-

361 4084 512 4145 seriis
552 4103 861 4158 sustentanS,
895 4094 1169 4144 indurans:
1214 4097 1296 4144 vel
1336 4096 1430 4145 cir-

360 4172 646 4221 cumcincta
671 4171 1068 4221 calamitatibus.
1117 4173 1432 4236 Metaphora

363 4250 488 4299 satis
528 4248 680 4310 dura,
721 4264 872 4312 quam
914 4263 980 4297 ex
1037 4249 1151 4313 ipso
1202 4250 1430 4300 Pacuvio

358 4325 681 4390 depromtam
715 4324 801 4376 hic
846 4324 1156 4390 reprehendi
1192 4325 1431 4375 nonnulli

1523 2172 1823 2218 autumant:
1864 2166 2000 2217 sicut
2042 2173 2099 2217 et
2130 2179 2328 2231 vocem,
2364 2164 2593 2231 lantified-

1519 2244 1632 2294 bile.

1584 2326 1649 2371 ⁷9
1682 2321 1791 2371 Hos
1817 2321 1981 2385 pueris
2000 2318 2228 2383 monitus]
2285 2319 2510 2384 Nempe,
2530 2323 2592 2369 ut

1519 2404 1727 2447 veteres
1751 2397 1945 2449 Poetas
1970 2403 2251 2448 sectentur.

1584 2479 1647 2523 80
1682 2474 1916 2538 Sar-tago]
1957 2475 2079 2524 .Vas
2126 2472 2445 2539 patulum,in
2483 2487 2589 2538 quo

1516 2551 1916 2616 cibifriguntur.
1982 2551 2297 2615 Metaphora
2330 2564 2424 2614 pro
2459 2556 2591 2599 stre·

1518 2628 1631 2692 pitu
1654 2627 1904 2677 ferventis
1937 2627 2231 2690 sartaginis,
2267 2626 2351 2674 cui
2372 2625 2590 2676 similem
2624 2674 2632 2681 ,

1513 2705 1627 2754 edit
1647 2720 1826 2754 sonum
1849 2703 2013 2753 oratio
2032 2703 2270 2765 confusa,
2293 2710 2348 2752 et
2373 2703 2587 2753 vocibus

1520 2785 1670 2833 novis
1692 2784 1841 2832 simul
1867 2790 1922 2833 et
1935 2782 2182 2832 obsoletis
2204 2779 2458 2830 conferta.

1584 2866 1646 2911 81
1685 2858 1926 2923 Dedecus]
1980 2858 2180 2908 Infame
2220 2856 2429 2906 dicendi
2464 2856 2591 2907 scri-

1518 2939 1779 3009 bendique
1804 2952 1986 3002 genus.

1583 3018 1645 3065 82
1685 3012 1950 3076 Trossulus]
1985 3011 2034 3061 A
2054 3011 2292 3060 Trossulo
2307 3010 2589 3060 Tuscorum

1517 3093 1709 3158 oppido
1730 3091 1841 3141 sine
1864 3090 2099 3155 peditum
2124 3103 2221 3152 ope
2240 3092 2418 3151 capto,
2435 3085 2593 3151 Equi-

1517 3177 1598 3221 tes
1619 3171 1838 3221 Romani
1861 3167 2210 3233 cognominati
2234 3172 2355 3215 sunt
2375 3165 2589 3213 Trossu-

1514 3249 1571 3298 li.
1640 3247 1928 3310 Accipiunt
1978 3247 2065 3294 alii
2120 3260 2236 3308 pro,
2302 3241 2588 3303 Torosulus

1516 3324 1755 3380 diminut.
1778 3339 1809 3372 a
1842 3325 2096 3384 Torosus;
2133 3328 2191 3371 ut
2233 3326 2482 3370 notentur
2503 3319 2592 3369 ho-

1515 3401 1680 3450 mines
1704 3399 1987 3449 delicatuli.
2570 3386 2576 3399 ⁸

1575 3477 1833 3541 Suboezlia]
1887 3477 1989 3525 Vel
2035 3475 2218 3540 quibus
2270 3471 2583 3537 spectabant

1510 3557 1686 3607 Ludos
1710 3556 1925 3622 Equites
1951 3554 2190 3616 Romani,
2208 3553 2287 3601 vel
2307 3552 2491 3617 quibus
2508 3566 2589 3600 re-

1509 3634 1781 3684 citationes
1825 3631 2125 3691 audiebant,
2171 3637 2231 3679 ut
2274 3643 2430 3691 supra
2474 3627 2590 3678 fuse

1509 3711 1755 3775 explicui,
1785 3709 1851 3759 ad
1896 3724 2012 3758 eum
2057 3709 2262 3757 locum:
2310 3705 2429 3755 Sede
2465 3706 2592 3767 leges

1516 3789 1652 3836 celsa.

1578 3869 1639 3913 83
1676 3863 1825 3912 Nilne
1861 3856 2033 3926 pudet]
2076 3860 2195 3911 Jam
2229 3873 2318 3907 eos
2364 3856 2587 3906 insecta-

1516 3948 1601 3988 tur
1647 3939 1858 3988 Persius
1896 3938 1985 4002 qui
2024 3936 2285 3986 lenocinia
2314 3935 2590 3985 verborum

1515 4024 1621 4066 tam
1640 4015 1872 4065 studiose
1895 4016 1996 4064 imo
2017 4023 2123 4063 tam
2143 4013 2300 4061 stulte
2321 4010 2590 4075 adhibent,

1510 4102 1568 4144 ut
1609 4095 1662 4143 in
1702 4109 1762 4142 eo
1808 4093 1908 4141 vim
1947 4090 2191 4140 orationis
2245 4087 2587 4152 constituant,

1509 4173 1748 4237 ipsisque,
1785 4171 1838 4218 in
1873 4169 2040 4219 causis
2076 4166 2385 4230 capitalibus
2409 4166 2585 4213 valere

1512 4254 1731 4314 putent:
1779 4247 1909 4296 adeo
1934 4261 2027 4295 sua
2046 4245 2161 4292 illos
2192 4248 2430 4292 excoecat
2452 4255 2587 4291 vana

1511 4322 1874 4376 ostentationis
1898 4329 1953 4374 et
1978 4318 2346 4387 gloriae'inanis
2378 4316 2585 4387 cupido.
