3084 4934
510 376 641 444 1134

517 538 820 625 Despuat
843 538 911 604 in
934 557 1149 605 mores
1173 558 1193 621 3
1236 558 1603 624 penemque
1632 559 2011 626 arcanaque
2039 541 2249 607 lumbi

508 639 953 721 Runcantem‚
980 642 1234 727 populo
1262 646 1625 707 marcentes
1653 643 1943 726 pandere
1971 643 2235 710 vulvas.

507 743 618 810 Tu
647 763 800 809 cum
825 744 1125 809 maxillis
1150 744 1534 809 balanatum
1562 763 1858 831 gausape
1885 753 2140 832 pectas,

507 845 892 933 Inguinibus
921 866 1128 930 quare
1156 847 1471 913 detonsus
1494 848 1799 931 gurgulio
1826 854 2011 915 extat
2028 851 2060 914 ‘l

501 950 814 1037 Quinque
841 951 1230 1034 palaestritae
1259 946 1421 1016 licet
1445 952 1596 1017 haec
1624 952 1954 1037 plantaria
1982 953 2252 1034 vellant,

506 1051 879 1138 Elixasque
904 1057 1094 1119 nates
1122 1053 1518 1121 labefactent
1545 1056 1799 1141 forcipe
1827 1056 2113 1134 adunca,

491 1154 669 1228 ,Non
696 1161 919 1221 tamen
944 1157 1077 1221 ista
1101 1155 1246 1220 filix
1276 1157 1417 1223 ullo
1445 1157 1852 1223 mansuescit
1879 1163 2116 1224 aratro.

590 1257 958 1337 CaedimuS,
986 1259 1185 1344 inque
1214 1261 1428 1326 vicem
1456 1262 1833 1345 praebemus
1864 1282 2062 1327 crura
2094 1261 2377 1345 sagittis·

494 1358 788 1427 -Vivitur
813 1360 940 1427 hoc
968 1367 1203 1447 pacto:
1250 1364 1350 1429 sic
1377 1366 1701 1430 novimus.
1790 1364 1923 1429 Ilia
1950 1364 2177 1430 subter

1266 393 1340 442 A.
1390 394 1640 445 Pssltsu
1688 394 1955 445 FLAcct

503 1559 658 1625 pulset
676 1559 852 1621 cubito,
871 1566 920 1610 et
939 1561 1119 1611 aeriter
1137 1562 1386 1613 invemat·
1403 1563 1458 1614 ia
1477 1579 1631 1614 mores
1649 1568 1772 1614 tuos.
1806 1563 1837 1594 ‘
1861 1560 1901 1594 '⁸
1935 1563 2323 1628 Quandoquidem
2346 1566 2401 1613 tu
2423 1562 2723 1613 discriminas

497 1626 692 1690 pectine
725 1640 983 1692 gau-rapum
1019 1628 1183 1678 balano
1216 1633 1425 1694 auctam,
1470 1629 1502 1658 ⁴*
1535 1629 1567 1660 ·
1613 1628 1928 1695 Per-autimas,
1960 1635 2009 1679 et
2029 1629 2235 1679 vicissim
2253 1644 2395 1679 crura
2417 1633 2595 1680 nostra
2616 1628 2723 1678 telis

1438 1786 1615 1807 “CO“
1622 1787 1796 1807 ‘0300‘

513 1891 685 1938 ratum
722 1887 972 1952 legimus:
1007 1889 1244 1953 Despuat,
1265 1889 1318 1939 la·
1340 1903 1493 1940 mores
1508 1902 1760 1954 penemque
1794 1888 2088 1953 «relicuaque
2122 1887 2412 1938 lumba—3⁷
2450 1887 2584 1937 Tmoe
2618 1900 2723 1935 cam

514 1967 647 2002 max.
674 1954 776 2003 Ms.
803 1954 865 2003 R.
892 1960 947 2004 et
972 1954 1164 2005 0.-38
1197 1960 1330 2005 extet
1354 1955 1459 2005 Ms.
1481 1954 1600 2005 Gal.

1509 2092 1725 2146 NOTAE

509 2203 700 2305 cubito,
728 2210 958 2257 stantem
1001 2221 1172 2273 prope
1214 2214 1432 2275 tangens
1486 2210 1576 2260 In·
1658 2207 1761 2308 0ᾱὲ
1791 2214 1874 2261 29.
1909 2209 1926 2239 ‘
1947 2209 2139 2259 Pressa
2176 2207 2280 2258 tuis
2318 2178 2534 2255 balanus
2568 2202 2724 2269 capil-

514 2288 891 2424 quillgtbespuat
909 2360 960 2410 in
979 2364 1153 2428 mores]
1182 2364 1578 2428 Turpitudinem
1657 2285 1970 2425 llssbmpe]
1990 2361 2162 2412 Vestis
2179 2366 2294 2411 erat
2311 2358 2447 2411 hirta
2457 2365 2515 2439 et
2531 2358 2727 2421 villosa,

516 2441 658 2486 tuam
694 2443 988 2503 execretur,
1029 2440 1274 2504 graphice
1308 2441 1580 2506 depingat,
1663 2438 1782 2489 vide
1805 2438 1915 2488 Sat.
1937 2453 2011 2488 vr.
2034 2443 2117 2488 46.
2152 2446 2207 2487 et
2229 2452 2347 2502 quae
2384 2451 2478 2486 nos
2506 2436 2573 2487 sd
2609 2450 2725 2487 eum

496 2512 816 2563 -Vectidium
833 2513 1132 2566 ulciscatur.
1189 2517 1319 2568 Cum
1342 2516 1583 2568 foetidum

519 2590 645 2656 qnid
660 2606 977 2655 aversamur,
1000 2594 1327 2658 despuimus:
1361 2597 1483 2647 hinc
1506 2599 1585 2647 de-

515 2680 684 2730 spuere
719 2667 974 2731 significat
1007 2671 1290 2722 abominari
1328 2687 1389 2722 ac
1414 2673 1584 2723 detes-

517 2744 623 2794 tari
643 2744 922 2811 quidpiam.
988 2748 1163 2799 Plaut.
1186 2747 1392 2800 Asinar.
1416 2758 1518 2800 act.
1545 2764 1583 2801 1.

512 2835 587 2871 sc.
608 2826 656 2871 l.
689 2821 705 2849 ‘
728 2823 910 2888 Teque
934 2822 1151 2875 obsecro
1172 2825 1365 2890 hercle,
1388 2834 1448 2878 ut
1470 2842 1585 2892 quae

494 2898 714 2948 -locutus
737 2898 996 2964 despuas!

580 2978 645 3024 87
683 2975 759 3024 Ta
779 2991 883 3025 cam
903 2976 1137 3043 mansilis]
1192 2979 1241 3030 Ο
1265 2979 1429 3045 Nero,
1458 2979 1586 3031 deli-

518 3048 615 3101 ciis
637 3056 694 3101 et
716 3051 923 3103 luxuria
944 3049 1169 3121 perdite,
1189 3071 1306 3106 cum
1330 3063 1476 3108 tanta
1498 3073 1586 3108 cu-

518 3141 581 3175 ra
602 3142 800 3177 comam
821 3129 947 3195 alas,
983 3139 1186 3196 pectas,
1222 3148 1406 3200 ungas,
1427 3141 1585 3202 atque

520 3215 729 3267 semper
771 3204 825 3253 in
861 3207 1049 3269 gradus
1088 3205 1298 3270 formes,
1340 3210 1585 3274 pudendo

518 3291 645 3329 sane
667 3289 724 3330 et
743 3283 897 3333 nimio
921 3285 1097 3345 cultu;
1131 3293 1193 3335 ut
1216 3293 1439 3336 testatur
1457 3288 1585 3337 Sue-

520 3358 633 3405 ton.
653 3370 701 3408 c.
724 3364 807 3410 51.

582 3433 829 3500 Maxime]
885 3438 1118 3488 Dentato
1155 3438 1317 3489 instar
1352 3440 1586 3492 maxilla-

521 3521 638 3558 rum
662 3512 886 3574 pectine.

588 3587 901 3652 Balanatum]
958 3588 1235 3641 Perfusum
1282 3606 1344 3642 ac
1387 3592 1589 3643 delibu-

524 3667 635 3713 tum
657 3660 928 3728 unguento
940 3664 1203 3730 balanino,
1223 3682 1315 3718 seu
1337 3683 1366 3717 e
1386 3669 1589 3721 balano.

518 3737 744 3790 Baianus
767 3749 940 3791 autem
962 3738 1059 3791 est*
1081 3743 1228 3807 glans
1260 3760 1349 3795 sen
1386 3744 1589 3796 fnrctus

515 3815 803 3867 arbusculae
841 3832 945 3867 non
978 3819 1228 3871 absimilis
1256 3823 1382 3873 nuci
1405 3824 1590 3872 avella-

516 3907 632 3944 nae:
667 3894 788 3943 inde
824 3893 984 3944 fiebat
1025 3898 1337 3961 exquisitum
1362 3914 1590 3963 unguen-

519 3973 630 4020 tum
654 3978 708 4019 ct
731 3971 917 4019 oleum.
989 3971 1125 4019 Plin.
1152 3985 1319 4022 xxm.
1337 3980 1384 4024 5.
1447 3975 1585 4025 Item

516 4059 568 4097 c.
586 4048 638 4095 4.
661 4046 894 4109 ejusdem
922 4047 1038 4097 libri
1060 4064 1073 4096 z
1107 4051 1122 4075 ‘
1148 4049 1454 4100 Balaninum
1481 4053 1586 4102 ole-

519 4134 608 4171 um
643 4121 924 4185 repurgat:
966 4125 1152 4188 inquit,
1192 4127 1217 4171 ‘.
1229 4141 1394 4191 varos,
1433 4129 1587 4180 lenti-

519 4197 702 4263 «ἱππί
725 4202 825 4251 &e.
877 4200 1122 4252 Meminit
1140 4204 1387 4255 et‘balani
1409 4206 1443 4256 l.
1459 4219 1586 4259 xm.

505 4289 570 4326 -c.
607 4278 655 4327 l.
678 4281 734 4327 et
770 4280 820 4328 4.
888 4277 1139 4330 Horatius
1177 4279 1268 4331 lib.
1289 4294 1377 4333 ιη.
1412 4282 1587 4336 earm.

1664 2516 1850 2566 locum.
1917 2513 1991 2565 At
2024 2514 2110 2566 hic
2133 2530 2229 2580 per
2263 2514 2615 2578 metaphoram
2638 2527 2726 2579 po-

1663 2591 1805 2641 nitur
1838 2605 1936 2654 pro
1972 2591 2156 2653 barba,
2195 2592 2277 2641 vel
2315 2590 2604 2654 capillitio;
2657 2589 2723 2639 ob

1663 2666 2055 2718 similitudinem
2093 2668 2349 2729 villorum,
2388 2666 2639 2729 mollitiei,
2672 2672 2730 2717 et

1664 2741 1955 2793 artificiosae
1991 2749 2214 2794 texture
2245 2757 2578 2807 gmoeaporam,
2610 2757 2729 2808 quae

1665 2819 1823 2869 etiam
1843 2817 2138 2883 significant
2160 2818 2364 2883 tapetes
2385 2818 2644 2882 pretiosos
2674 2824 2731 2868 et
2757 2854 2764 2863 Α.

1666 2899 1868 2960 molles,
1923 2900 2101 2963 quales
2158 2904 2274 2947 nos*
2294 2897 2449 2948 hodie
2485 2897 2730 2948 ancicos

1663 2974 1997 3042 appellamus,
2066 2974 2234 3040 inquit
2282 2974 2517 3024 eruditus
2570 2973 2732 3024 Scali-

1664 3068 1777 3114 ger.

1729 3134 1794 3181 42
1832 3130 2087 3195 Credimus,
2111 3131 2251 3194 inque
2272 3130 2436 3192 οἱσειιι,
2468 3127 2578 3194 ξω]
2643 3128 2729 3178 Sic

1665 3205 1756 3268 fit;
1812 3208 1981 3257 aliena
2034 3206 2237 3273 flagitia
2292 3205 2733 3272 reprehendimus,

1664 3283 1886 3348 hincque
1912 3284 2201 3348 praebemus
2224 3298 2399 3333 ansam
2421 3282 2535 3333 aliis
2555 3289 2732 3332 nostra

1663 3359 1958 3413 vellicandi.
1992 3361 2147 3414 Quod
2179 3361 2225 3410 si
2248 3359 2361 3410 aliis
2385 3372 2731 3423 parceremus,

1664 3436 1816 3486 nobis
1854 3452 1955 3487 non
1987 3438 2146 3499 item;
2187 3437 2368 3487 melius
2391 3436 2552 3485 multo
2574 3434 2732 3485 rebus

1666 3513 1860 3563 nostris
1883 3516 2281 3566 consuleremus.
2349 3510 2618 3576 Allegoria
2651 3518 2733 3563 est

1667 3604 1700 3638 a
1713 3590 2121 3641 Gladiatoribus.
2176 3591 2368 3642 Horat.
2390 3589 2479 3640 lib.
2495 3603 2558 3639 11.
2579 3589 2731 3653 epist.

1670 3671 1721 3716 2.
1756 3669 1772 3696 ‘
1796 3667 2077 3730 Coedimur‚
2100 3673 2157 3718 et
2180 3668 2400 3717 totidem
2425 3667 2592 3732 plagis
2613 3681 2733 3717 con-

1670 3745 1914 3794 sumimus
1928 3744 2166 3795 bostem!

1731 3825 1796 3872 43
1837 3821 2029 3872 Vivitur
2048 3822 2134 3871 hoc
2148 3820 2317 3885 pacto]
2381 3819 2486 3870 Alii
2517 3820 2733 3871 aliorum

1664 3906 1872 3964 norunt,
1893 3900 2148 3964 revelant,
2165 3908 2223 3950 et
2237 3901 2482 3949 damnant
2504 3899 2735 3964 quotidie

1668 3976 1822 4026 vitia:
1858 3978 2079 4042 quisque
2112 3977 2254 4026 velat
2278 3982 2389 4039 sua,
2427 3982 2484 4026 et
2504 3982 2734 4039 excusat,

1665 4052 1926 4103 interdum
1943 4054 2101 4103 etiam
2125 4054 2280 4117 plane
2300 4053 2518 4116 ignorat.

1651 4170 1660 4177 .
1730 4127 2069 4193 sanavimus]
2142 4129 2228 4180 Sic
2272 4131 2449 4180 vivere
2487 4134 2543 4179 et
2580 4143 2735 4193 agere

1666 4204 1957 4259 didicimus.
2004 4206 2124 4270 Vel,
2143 4206 2219 4257 sic
2248 4214 2352 4271 est,
2374 4221 2406 4257 o
2429 4207 2597 4268 Nero,
2620 4221 2735 4271 quse

1666 4283 1898 4335 occultas
1935 4290 1994 4335 et
2028 4283 2213 4352 ignota
2250 4290 2420 4351 putas,
2457 4290 2736 4350 perspecta
