3084 4934
1205 405 1484 457 aarum
1531 405 1647 455 111.

318 555 502 622 Jmus
524 553 898 641 proecipites,
929 571 1133 638 quam
1160 553 1239 623 si
1253 552 1631 641 sibi-dican
1650 555 1716 617 et
1740 550 1917 618 intus
1983 562 1988 569 '

322 661 585 729 Palleat
612 660 866 737 infelix,
895 656 1073 742 quod
1099 657 1406 740 proxima
1431 655 1689 721 nesciat
1714 653 1932 719 uxor?
2015 660 2019 665 ’

410 764 612 849 Saepe
640 763 897 839 oeuloS,
926 757 1602 851 meminLtangebam
1626 754 1875 840 parvus
1906 752 2116 831 olivo,

320 865 628 939 Grandia
656 867 715 931 si
742 858 986 930 nollem
1012 864 1307 957 morituri
1327 861 1546 928 'verba
1574 858 1870 923 Catonis·
1911 925 1920 929 ,

321 970 593 1073 Dicere,
621 989 755 1034 non
784 988 945 1033 sano
970 967 1250 1032 multum
1276 963 1615 1029 laudanda
1642 954 2000 1059 magistro,-

318 1076 346 1098 d

2440 824 2530 918 45'

320 1129 664 1194 spatam,
681 1127 931 1189 currimus,
951 1125 1186 1176 cun-imus
1205 1125 1257 1175 iu
1269 1123 1594 1202 proecipitium
1606 1138 1627 1182 ,-
1641 1125 1784 1185 atque
1799 1089 1843 1169 is
1860 1119 1994 1169 intra
2014 1117 2238 1182 seipsum
2256 1076 2538 1165 miser-ext:-

324 1199 501 1244 mesoat
520 1194 574 1242 id
595 1195 713 1257 quod
748 1194 935 1256 ignoret
957 1193 1126 1253 conjux
1142 1205 1423 1254 propinqua.
1490 1189 1735 1237 Recordor
1770 1185 1906 1250 quod
1939 1198 2035 1247 ego
2065 1198 2181 1247 puer
2213 1181 2406 1230 linibam
2432 1180 2539 1258 fre:

325 1265 525 1325 quemeu-
541 1260 696 1310 oculos
713 1260 831 1323 oleo,
851 1259 1033 1321 quando
1052 1255 1262 1306 nolebam

1281 1254 1517 1304 memoria
1551 1253 1776 1302 mandare
1810 1251 1941 1300 dicta
1957 1248 2132 1313 gravia
2158 1247 2354 1297 Catonis
2390 1250 2537 1296 mom

1252 1398 1607 1420 “cedente“-

680 1441 707 1451 s

327 1486 578 1538 damnant
598 1493 654 1538 et
675 1493 827 1539 vetus
850 1476 1144 1552 Interpres‚
1161 1486 1310 1551 cujus
1331 1490 1452 1535 sunt
1468 1483 1653 1547 -verba,
1684 1482 1701 1511 ‘
1720 1481 1875 1532 Oculi
1891 1481 2008 1530 oleo
2027 1448 2150 1528 tacti
2166 1442 2539 1541 perturbantur

329 1551 396 1601 ad
416 1552 659 1618 tempus.'
731 1553 991 1605 casaubon.
1058 1554 1130 1603 Et
1149 1553 1401 1615 tangebam
1417 1551 1484 1600 Β.
1548 1548 1791 1613 cingebam
1811 1546 1955 1598 Edit.
1981 1543 2298 1608 Steph.-46
2320 1539 2537 1609 plurim,

1330 1704 1570 1771 »ποτε

345 1792 349 1796 ,
384 1826 460 1897 Ι42
488 1793 877 1888 ’ΪηίιιέρααεαιΪ
914 1823 1031 1874 Vox
1053 1810 1176 1890 una,
1200 1810 1394 1888 palleat,
1472 1817 1633 1886 circa,
1667 1833 1734 1869 ne
1770 1832 1886 1869 cum
1907 1810 2181 1866 nonnullis
2202 1809 2368 1874 legas,
2386 1796 2541 1870 tinge'·

330 1913 423 1963 pro
446 1899 665 1963 duabus,
686 1907 748 1952 ut
779 1901 1022 1952 observat
1043 1900 1394 1950 Casaubouus.
1471 1898 1598 1949 bam.
2519 1886 2530 1911 ⁸

333 1977 450 2028 Nec
471 1978 608 2027 enim
631 1979 801 2042 pallor
824 1980 962 2028 intus
985 1985 1095 2028 est:
1137 1977 1397 2042 significat

330 2054 506 2119 igitur,
529 2055 668 2105 intus
692 2055 895 2121 timeat,
919 2061 973 2106 et
989 2054 1112 2106 foris
1135 2056 1344 2120 palleat.

396 2134 461 2180 43
499 2131 637 2188 Quod
651 2131 872 2196 proxima
892 2132 1070 2182 nesciat
1090 2129 1235 2193 uxor]
1282 2130 1399 2180 Nec

335 2205 603 2271 flagitium,
638 2217 855 2273 propter
896 2208 1033 2274 qnod
1069 2206 1399 2273 expallescit,

332 2300 431 2335 nec
451 2293 764 2336 tormentum
791 2302 891 2352 quo
927 2294 1144 2351 urgetur
1174 2300 1235 2336 ac
1268 2285 1399 2335 inta-

332 2361 522 2424 bescit,
546 2363 707 2414 audet
741 2379 859 2413 cum
881 2378 1142 2429 quoquam
1174 2376 1400 2413 eommu-

334 2437 532 2502 nicare,
555 2441 694 2491 unde
715 2441 874 2505 magis
895 2447 1191 2507 torquetur.
1240 2438 1400 2491 Ovid.

332 2515 351 2543 ⁸
382 2516 692 2582 strangulat
734 2518 960 2569 inclusus
1010 2518 1177 2582 dolor,
1211 2523 1268 2568 et
1310 2530 1402 2567 eor

336 2602 526 2645 aestuat
563 2594 740 2645 intus!
806 2596 1045 2646 Credunt
1059 2587 1294 2645 *nonnulli
1330 2592 1402 2641 al·

335 2670 521 2722 lusisse
544 2673 611 2721 ad
633 2671 947 2736 Dionysium
979 2673 1291 2736 Tyrannum,
1313 2670 1401 2736 qui

336 2762 435 2798 nec
490 2748 641 2798 uxori
693 2764 793 2799 nec
843 2748 1031 2801 ‘liberis
1086 2747 1400 2800 confidebat.

339 2825 508 2891 Porro
531 2840 596 2875 ex
617 2825 698 2875 his
719 2826 850 2875 mira
871 2829 986 2876 arte
1005 2825 1221 2895 Persius
1241 2824 1404 2874 virtu-

340 2899 406 2950 tis
429 2900 791 2951 excellentiam
831 2901 1060 2951 ostendit
1081 2917 1149 2951 ex
1179 2914 1241 2951 eo
1264 2899 1403 2966 quod

337 2976 430 3027 illa
452 2991 652 3040 carere,
676 2977 745 3026 sit
765 2972 1123 3028 miserrimum.

405 3058 472 3104 44
511 3053 648 3119 Saepe
684 3055 855 3119 oculos,
891 3051 1104 3117 memini,
1138 3053 1244 3117 ξα]
1291 3054 1407 3118 Ego

343 3145 475 3196 puer
492 3132 721 3195 pueriles
742 3132 865 3181 olim
888 3126 1248 3181 excusationes
1270 3146 1408 3195 quae-

342 3208 542 3272 rebam,
573 3213 633 3257 ut
664 3206 839 3258 studia
870 3208 1131 3258 literarum
1157 3206 1412 3256 laborem-

344 3298 447 3350 que
470 3283 839 3343 detrectarem,
864 3290 920 3333 et
939 3282 1037 3333 hoc
1063 3282 1210 3333 aetati
1244 3281 1410 3330 indul-

347 3362 573 3427 gendum
597 3361 836 3422 videtur}
887 3366 943 3410 at
973 3367 1032 3411 tu
1065 3360 1156 3425 qui
1195 3358 1412 3424 puerilia

347 3438 652 3502 deposuisti,
705 3444 760 3488 et
825 3437 1092 3502 sapientise
1149 3443 1414 3500 praecepta

339 3513 456 3578 jam
495 3512 757 3575 delibasti,
787 3519 932 3562 certe
971 3510 1263 3575 culpaberis
1281 3510 1325 3559 si
1347 3510 1413 3559 ad

349 3589 598 3655 ejusmodi
620 3604 780 3654 nugas
802 3596 858 3639 et
880 3587 1238 3642 excusationes
1254 3596 1414 3635 vanas

344 3662 543 3717 iterum
582 3666 843 3728 convolas,
863 3676 929 3714 ne
952 3665 1200 3713 virtutem
1239 3670 1295 3713 et
1328 3661 1418 3711 bo-

351 3756 445 3791 nas
468 3741 766 3804 disciplinas
793 3739 1141 3805 amplectaris.

423 3818 691 3881 Tangebam
741 3816 886 3880 olivo]
941 3815 1026 3867 Ad
1081 3815 1417 3866 simulandam

355 3894 758 3962 lippitudinem3
801 3909 940 3958 nam,
962 3901 1020 3944 ut
1039 3894 1115 3943 ait
1147 3899 1296 3943 vetus
1331 3892 1417 3942 In-

356 3978 577 4037 terpres,
607 3972 623 3998 ‘
651 3971 788 4020 oculi
811 3973 923 4021 oleo
948 3972 1079 4021 tacti
1110 3969 1420 4035 perturban-

357 4055 448 4099 tur
468 4048 533 4098 ad
554 4046 794 4112 tempus?
857 4048 1011 4101 Quod
1036 4046 1241 4112 quidem
1270 4046 1421 4095 intel-

356 4123 626 4190 ligendum
662 4123 745 4189 (ut
781 4122 915 4174 bene
951 4132 1126 4172 monet
1161 4121 1423 4172 Casaubo-

363 4200 489 4267 nus)
510 4199 578 4253 de
600 4198 858 4249 interioris
897 4200 1033 4248 oculi
1058 4205 1234 4259 tactu3
1285 4196 1423 4260 alias,

368 4277 562 4327 nedum
582 4277 798 4326 laederet
822 4276 1013 4340 oculos,
1031 4277 1185 4325 immo
1201 4275 1429 4339 juvaret,

356 4355 604 4408 ‘ciliorum
620 4352 945 4420 superficiem
958 4354 1073 4405 oleo
1089 4353 1264 4404 linire.
1288 4347 1429 4404 Quo-

1538 1979 1602 2023 45
1641 1971 1859 2023 Grandia
1879 1969 1924 2018 si
1943 1965 2137 2030 nollem]
2182 1962 2270 2013 Ne
2304 1957 2542 2009 memori-

1477 2057 1560 2102 ter
1588 2051 1815 2100 ‘discere
1870 2042 2085 2110 cogerer
2138 2037 2541 2090 declamationes

1480 2127 1728 2192 quasdam
1748 2123 1922 2190 pueris
1945 2128 2056 2170 tum
2078 2115 2387 2174 familiarem
2419 2126 2466 2162 v.
2491 2116 2542 2175 ς’.

1478 2203 1827 2269 Ethopoeiam,
1865 2201 1919 2250 in
1942 2212 2043 2265 qua
2071 2193 2309 2246 morituri
2330 2189 2552 2241 Catonis*

1478 2281 1643 2332 verba
1674 2264 2109 2344 exprimerentur,
2137 2286 2257 2322 cum
2290 2264 2547 2332 delibera‘·

1481 2365 1578 2410 ret·
1598 2357 1736 2423 apud
1762 2370 1836 2419 se,
1857 2355 2083 2405 satiusne
2106 2348 2243 2400 foret
2264 2346 2361 2397 sibi
2382 2346 2547 2396 vitam

1479 2435 1703 2499 eripere,
1727 2446 1879 2498 quam
1899 2431 1953 2480 in
1974 2440 2153 2478 manus
2179 2419 2549 2476 Caesaris'inci·

1482 2511 1626 2562 dere.
2189 2526 2196 2531 ·

1552 2585 1773 2650 Catonis]
1805 2580 2073 2635 Uticensis
2096 2590 2302 2642 nempe,
2324 2574 2411 2641 qui
2435 2587 2551 2639 par-

1483 2672 1562 2716 tes
1585 2663 1821 2727 Pompeii
1844 2658 2221 2722 secutus,huuc
2238 2652 2549 2725 debellatum

1481 2744 1684 2804 videns,
1703 2740 1873 2791 Uticae
1892 2735 2155 2789 iff‘Africa
2173 2732 2340 2796 seipse
2363 2730 2553 2779 intere-

1482 2820 1596 2870 mit.
1658 2820 1746 2868 De
1777 2816 1877 2867 hoc
1915 2815 2155 2864 Lucanus
2189 2810 2230 2859 l.
2262 2821 2300 2858 1.
2341 2807 2358 2834 ‘
2382 2807 2554 2856 Causa

1483 2884 1599 2944 'Diis
1620 2894 1811 2944 victrix
1829 2889 2049 2956 placuit,
2063 2886 2156 2937 sed
2173 2886 2315 2934 victa
2332 2879 2555 2933 Catoni?

1485 2971 1541 3020 Is
1577 2975 1853 3034 antequam
1890 2971 2184 3016 moreretur
2215 2958 2451 3011 Platonis
2486 2957 2554 3007 de

1489 3045 1670 3095 animae
1690 3042 2077 3093 immortalitate
2091 3038 2371 3101 Dialogum
2390 3034 2557 3099 perle-

1489 3123 1627 3190 gisse
1650 3121 1846 3172 fertur:
1882 3118 2019 3169 unde
2043 3115 2251 3181 quidam
2291 3112 2557 3175 Interpre·
2626 3152 2630 3157 .

1491 3209 1573 3254 tes
1626 3216 1689 3251 eo
1731 3196 1966 3247 referunt
2005 3192 2141 3259 quod
2198 3191 2273 3241 ait
2321 3188 2555 3254 Persius,

1485 3277 1695 3343 grandia
1733 3275 1929 3323 Catonis
1972 3271 2129 3333 verba,
2168 3267 2314 3334 quasi
2351 3265 2442 3314 ille
2486 3263 2553 3313 de

1492 3354 1674 3405 animae
1727 3348 2116 3401 immortalitate
2182 3345 2346 3393 multa
2397 3341 2555 3391 etiam

1490 3430 1747 3497 praeclare
1771 3435 1879 3476 tum
1901 3424 2110 3488 dixerit,
2130 3436 2246 3487 quae
2276 3419 2557 3491 recitareng-

1494 3515 1581 3561 tur
1623 3523 1655 3556 a
1701 3504 1905 3570 pueris:
1964 3501 2055 3552 sed
2112 3500 2254 3564 prior
2298 3494 2568 3547 sententia·

1492 3585 1665 3635 verior
1683 3589 1781 3646 est,
1816 3588 1873 3631 et
1908 3576 2227 3629 doctioribus
2247 3574 2410 3640 magis
2432 3571 2559 3621 arri·

1495 3661 1606 3710 det.

1561 3741 1627 3786 46
1661 3735 1772 3784 Non
1794 3731 1929 3796 sano]
1951 3731 2067 3782 Nec
2091 3725 2428 3792 interpretari
2451 3725 2560 3789 pla'-
2601 3771 2605 3775 .

1497 3820 1587 3864 cet
1610 3812 1735 3873 acri,
1766 3824 1984 3871 moroso,
2018 3813 2075 3856 et
2110 3805 2351 3855 molesto:
2397 3802 2562 3850 multo

1495 3883 1683 3953 minue,
1725 3894 1782 3937 ut
1820 3886 2048 3951 quidam,
2077 3881 2230 3932 valde
2269 3892 2413 3945 sano,
2446 3875 2564 3940 sed,

1497 3966 1644 4033 quasi
1684 3964 1815 4013 male
1852 3977 1994 4024 sano,
2036 3959 2122 4025 qui
2161 3956 2322 4023 puero
2349 3954 2474 4006 ficte
2508 3958 2565 4004 et

1501 4041 1744 4092 affectate
1800 4036 2044 4088 recitanti
2093 4032 2453 4099 applauderet,
2507 4028 2566 4079 e't

1500 4118 1756 4184 puerilem
1801 4126 2010 4178 operam
2052 4123 2240 4175 magna
2279 4108 2563 4157 ambitione

1502 4193 1737 4244 laudaret
1766 4204 1938 4240 coram
1977 4186 2279 4253 parentibus
2300 4190 2356 4234 et
2378 4196 2565 4248 cogna-

1503 4271 1596 4333 tis,
1644 4275 1704 4318 ut
1755 4268 1831 4318 eis
1872 4267 1947 4316 sic
1988 4263 2269 4327 adulando,
2313 4260 2565 4325 majorem

1508 4352 1763 4414 quaestum
1785 4349 1841 4395 et
1861 4340 2154 4396 mercedem
2193 4326 2568 4405 expirem-etur.
