3084 4934
1299 420 1370 469 A.
1420 418 1668 468 Pnnsu
1715 419 1982 469 rhAccl

540 568 735 649 Tun',
764 568 1007 646 vetule,
1036 552 1354 632 auriculis
1376 565 1620 631 alienis
1649 562 1911 649 colligis
1935 566 2178 633 escas?

541 676 901 753 AuriculiS,
934 672 1186 759 quibus
1212 676 1285 736 et
1304 671 1499 737 dieas
1528 675 1679 735 cute
1705 670 2028 756 perditae,
2053 671 2179 739 ohe
2194 672 2226 735 ’ἰ

536 782 567 816 ‘
582 778 746 860 Quo
774 777 1113 854 didicisse,
1141 773 1271 839 nisi
1299 773 1428 840 hoc
1456 774 1843 839 fermentum
1871 778 1939 838 et
1965 792 2116 856 quae
2146 772 2351 839 semel
2375 771 2554 838 intus

541 883 780 948 Innata
810 884 935 959 est,
965 883 1158 963 rupto
1177 880 1405 965 jecore
1426 878 1670 942 exierit
1695 877 2055 961 caprificus
2065 876 2117 942 ‘t’

2655 872 2751 941 25

541 985 649 1051 En
675 984 894 1069 pallor
923 982 1334 1066 seniumque!
1381 979 1442 1044 Ο
1472 981 1726 1045 mores!
1772 1000 1983 1067 usque
2011 980 2265 1046 adeone

534 1089 728 1155 Scire
752 1094 938 1154 tuum
964 1086 1128 1152 nihil
1152 1090 1281 1165 eet,
1307 1085 1441 1152 nisi
1468 1089 1532 1151 te
1559 1084 1734 1152 scire
1757 1084 1887 1151 hoc
1916 1085 2093 1153 sciat
2115 1085 2342 1153 alteri
2395 1110 2400 1117 -
2487 1109 2496 1117 ·

537 1273 703 1338 quibus
718 1275 840 1340 pelle
860 1273 1087 1334 deformis
1106 1272 1253 1323 etiam
1268 1272 1400 1322 dicus
1413 1271 1531 1323 ohe!
1565 1273 1801 1330 Quorsum
1822 1287 1947 1323 vero
1974 1274 2161 1322 doctum
2182 1286 2296 1333 esse,
2318 1269 2413 1321 nisi
2444 1270 2528 1320 hoc
2536 1269 2749 1330 sermen-

537 1347 640 1389 tum
673 1347 957 1405 appareat3
991 1344 1040 1388 et
1073 1343 1237 1402 aperto
1274 1338 1440 1400 hepate
1456 1340 1658 1409 prodeat
1679 1338 1908 1388 silvestris
1928 1339 2078 1403 ficus,
2115 1353 2219 1401 quoe
2250 1337 2501 1400 aliquando
2538 1340 2646 1384 orta
2676 1338 2748 1383 est

535 1402 705 1455 intra?
740 1408 865 1456 Ecce
883 1405 1058 1455 vultus
1077 1405 1301 1480 pallidus,
1323 1408 1371 1452 et
1402 1409 1628 1466 mestus,
1666 1405 1713 1453 0
1743 1404 1943 1453 indolem
1977 1404 2212 1468 pravam!
2253 1403 2391 1451 Itane
2422 1414 2532 1451 vem
2550 1399 2753 1450 scientia

536 1475 620 1525 tua
640 1471 764 1523 nihil
783 1475 872 1534 est,
892 1470 989 1525 uisi
1008 1470 1096 1523 ulit
1116 1469 1330 1518 noverint
1350 1473 1401 1518 te
1421 1483 1518 1518 esse
1537 1467 2052 1534 scientioeproeditum?
2103 1468 2176 1518 At
2197 1468 2479 1533 preclarum
2499 1470 2570 1516 est
2590 1465 2748 1527 digito

1463 1596 1789 1618 OOOOUOOOOOO
1798 1597 1825 1616 O

530 1698 563 1735 a
583 1683 975 1747 suprascr.—-24
998 1679 1130 1737 Quid
1142 1679 1245 1732 Ms.
1263 1679 1331 1731 R.
1345 1684 1404 1731 et
1418 1678 1614 1732 C.—2s
1636 1679 1706 1729 Et
1717 1680 1964 1744 pulchrum
1983 1679 2085 1731 Ms.
2102 1680 2296 1761 R.—-35
2311 1695 2366 1729 ac
2387 1683 2546 1730 tenero
2560 1678 2663 1729 Ms-
2680 1677 2747 1732 R.

1342 1787 1349 1793 ’
1530 1794 1585 1848 N
1590 1793 1747 1847 0:1¹AE

596 1900 661 1949 22
696 1895 837 1958 Tun',
866 1895 1041 1959 vetule]
1104 1894 1342 1961 Insurffl‘t
1382 1895 1599 1946 Persius

533 1975 726 2027 acriter
749 1973 994 2024 adversus
1019 1988 1134 2022 eam
1157 1973 1443 2025 mollitiem.
1502 1975 1600 2024 Er-

528 2065 666 2117 gone
701 2065 805 2116 qua
838 2064 894 2100 es
928 2054 1091 2099 aetate
1107 2063 1265 2099 senex
1287 2048 1339 2099 in
1360 2050 1416 2100 id
1438 2066 1597 2101 unum

529 2128 803 2192 incumbis,
844 2133 904 2177 ut
945 2133 1055 2176 tam
1090 2124 1307 2176 infames
1339 2127 1598 2192 juvenum

527 2206 737 2261 auribus
755 2204 1027 2258 illecebras
1051 2203 1392 2269 suppedites?

602 2284 790 2348 Vetula]
820 2284 939 2339 Vox
969 2283 1234 2349 pertinens
1265 2283 1332 2334 ad
1370 2289 1599 2335 contem·

530 2367 659 2414 tum.
1300 2392 1309 2397 -

592 2443 657 2493 23
696 2439 819 2492 Cute
856 2438 1096 2506 perditus]
1158 2436 1312 2488 Senio
1356 2442 1414 2486 et
1454 2435 1595 2504 rugis

528 2513 795 2567 deformis.

597 2590 723 2657 Ohe]
777 2590 1115 2643 contendunt
1138 2590 1295 2657 aliqui
1320 2590 1595 2656 legendum

528 2668 652 2732 evoe,
674 2673 734 2718 ut
755 2682 931 2719 sensus
954 2668 1052 2718 sit:
1092 2668 1141 2718 Ο
1167 2668 1311 2718 Nero
1347 2668 1597 2719 bacchan-

531 2750 659 2801 tium
683 2762 860 2799 vocem
897 2746 953 2797 in
987 2754 1077 2799 tua
1097 2747 1377 2811 Tragoedia
1398 2748 1595 2813 gaudes

526 2826 780 2875 recitare!
850 2825 951 2875 Sed
992 2826 1188 2889 placet,
1212 2839 1329 2874 cnm
1367 2823 1595 2874 melioris

522 2908 671 2957 ,notae
692 2901 1080 2966 Interpretibus
1099 2906 1154 2951 et
1178 2900 1594 2966 Exemplaribus,

530 2979 651 3030 Ohe.
695 2979 828 3031 Quae
845 2977 1151 3042 Interjectio
1174 2978 1256 3027 vel
1279 2978 1593 3043 satietatem,

522 3058 609 3107 vel
665 3056 952 3121 juvenilem
1019 3055 1261 3105 laetitiam
1314 3055 1591 3120 significat.

524 3134 718 3186 Sensus
760 3132 923 3196 igitur
965 3131 1091 3181 erit:
1143 3145 1302 3181 senex
1345 3146 1463 3193 curn
1506 3134 1593 3196 sis,

514 3210 776 3275 juveniles
816 3209 974 3258 etiam
1005 3223 1159 3259 voces
1196 3206 1426 3259 affectas.
1489 3210 1593 3261 Vel

520 3286 721 3353 potius:
779 3285 981 3341 laboras
1033 3291 1093 3335 ut
1134 3286 1344 3351 placeas,
1400 3287 1593 3353 ineptis

520 3362 875 3414 laudatoribus
907 3379 922 3424 ;
986 3377 1206 3426 quorum
1266 3363 1590 3414 adulationes

517 3441 633 3506 ipse
672 3441 803 3493 adeo
840 3448 1088 3506 expertus
1128 3455 1202 3504 eS,
1239 3445 1299 3489 ut
1336 3455 1437 3490 non
1477 3440 1588 3491 sine

518 3520 722 3586 pudore
752 3518 977 3569 *nimium
1015 3524 1069 3568 te
1113 3517 1316 3569 laudari
1358 3518 1586 3570 sentiens

520 3596 781 3662 cogereris
821 3597 1018 3660 dicere,
1048 3597 1160 3646 ohe.-
1195 3595 1319 3645 satis
1357 3602 1440 3647 est
1478 3597 1586 3646 lau-

512 3674 643 3741 dum
665 3680 722 3725 et
756 3674 1026 3738 plusquam
1057 3673 1198 3723 satis.
1264 3673 1454 3726 Horat.
1474 3675 1586 3734 Sat.

517 3764 582 3800 ιι.
633 3756 681 3802 5.
737 3751 1105 3814 ‘Importunus
1158 3758 1303 3802 amat
1353 3751 1585 3802 laudari?

517 3828 724 3889 Donec,
747 3828 844 3877 ohe
859 3827 991 3892 jam,
1023 3826 1109 3876 Ad
1131 3829 1317 3877 coelum
1351 3828 1585 3878 manibus

516 3903 750 3967 sublatis,
790 3904 1003 3966 dixerit,
1045 3920 1197 3970 urge,
1238 3912 1293 3955 et
1337 3907 1586 3959 Crescen-

517 3985 625 4030 tem
646 3981 857 4030 tumidis
881 3979 1003 4029 infla
1024 3981 1340 4032 sermonibus
1362 3990 1563 4035 utrem.’

584 4059 650 4106 24
685 4058 791 4112 Quo
817 4057 1054 4121 didicisse,
1074 4057 1180 4122 isc]
1247 4058 1312 4108 Id
1334 4067 1433 4123 est,
1454 4062 1581 4126 quid

1747 1895 2077 1959 firmentum]
2155 1894 2366 1945 Dicitur
2405 1908 2437 1943 a
2479 1892 2749 1958 fervendo,

1679 1974 1734 2025 id
1757 1980 1857 2038 est,
1887 1972 2024 2024 sicut
2059 1972 2251 2023 frustra
2288 1970 2489 2036 injicias
2523 1969 2748 2025 fermen-

1682 2058 1791 2103 tum
1813 2051 1867 2102 in
1889 2065 2107 2101 massam
2128 2050 2229 2099 nisi
2267 2056 2326 2100 ut
2366 2063 2477 2101 eam
2503 2047 2667 2111 inflet,
2692 2055 2748 2097 et

1677 2129 1925 2194 majorem
1959 2128 2147 2178 faciat:
2180 2126 2271 2192 sic,
2305 2125 2428 2193 quid
2470 2136 2584 2176 mea
2621 2125 2745 2175 mibi

1678 2205 1904 2257 eruditio
1959 2206 2207 2270 proderit,
2259 2204 2360 2256 nisi
2403 2210 2646 2277 erumpat
2669 2209 2747 2257 et

1677 2283 1949 2334 clariorem
1972 2297 2052 2332 me
2075 2281 2262 2333 faciat?

1742 2361 1906 2429 Intus]
1972 2361 2035 2410 In
2057 2361 2230 2413 animo
2254 2376 2386 2412 meo.

1738 2443 1801 2489 25
1835 2437 2026 2502 decore]
2064 2438 2196 2489 Poni
2222 2437 2429 2488 videtur
2450 2452 2544 2502 pro
2565 2438 2744 2503 corde,

1673 2514 1728 2567 in
1751 2530 1856 2580 quo
1880 2513 2161 2569 affectuum
2186 2514 2364 2565 sedem
2385 2515 2574 2578 vulgus
2588 2516 2746 2565 collo-

1675 2601 1781 2643 cat.
2017 2610 2056 2644 ο
2713 2598 2720 2601 4

1743 2670 2030 2737 Caprifieus]
2097 2669 2459 2735 Metaphorice
2505 2668 2744 2734 designat

1671 2747 1852 2812 gloriae
1897 2748 2259 2811 cupiditatem,
2302 2752 2358 2796 et
2401 2747 2565 2807 bene;
2624 2761 2740 2796 nam

1672 2823 1826 2874 arbor
1845 2823 1930 2875 illa
1958 2823 2185 2888 erumpit
2220 2838 2250 2872 e
2289 2823 2445 2872 muris
2469 2830 2741 2888 quantum-

1671 2900 1805 2952 libet
1826 2901 1990 2963 duris,
2029 2903 2195 2951 nullos
2219 2901 2354 2967 parit
2391 2899 2613 2965 fructus,
2648 2901 2741 2951 sed

1674 2986 1876 3031 tautum
1899 2981 2123 3044 calyces.

1737 3061 1803 3107 26
1838 3057 1918 3106 Eu
1933 3059 2086 3122 pallor
2107 3055 2394 3120 seniumque]
2475 3055 2556 3105 En
2591 3056 2741 3122 signa

1674 3133 1835 3184 studii
1881 3135 2043 3185 nostri
2088 3134 2386 3200 pertinacis,
2413 3130 2741 3200 'nostraeque

1674 3211 1805 3263 adeo
1862 3209 2134 3275 profundae
2188 3210 2509 3261 eruditionis.
2606 3211 2740 3262 Quae

1671 3287 1833 3337 verba
1855 3289 2152 3338 attribuunt
2184 3287 2343 3352 aliqui
2382 3286 2564 3337 Persio
2603 3285 2739 3338 Poe-

1674 3371 1866 3414 tastros
1904 3363 2174 3413 irridenti:
2221 3364 2406 3413 melius
2446 3369 2623 3413 tamen
2664 3362 2739 3412 vi·-

1670 3441 1863 3491 dentur
1899 3441 2168 3507 jungenda
2223 3440 2340 3492 cum
2394 3442 2738 3507 praecedenti-

1667 3517 1783 3581 buS,
1804 3524 1863 3567 ut
1884 3523 2070 3583 postea
2092 3519 2359 3585 Satyricus
2388 3521 2671 3585 exclamet:
2708 3536 2736 3569 ο

1667 3594 1847 3645 mores!

1738 3674 1891 3738 Usque
1931 3677 2102 3725 adeone
2140 3677 2262 3727 scire
2298 3675 2576 3740 tuum,&c.]
2641 3677 2735 3726 Er,-

1666 3766 1799 3814 gone
1840 3768 2020 3803 vanam
2059 3755 2278 3818 gloriam
2321 3756 2465 3805 velut
2497 3755 2733 3806 ultimum

1664 3828 1820 3880 finem
1855 3831 2145 3895 studim-pm
2179 3838 2387 3882 tuorum
2426 3833 2733 3892 constituis?

1666 3905 1737 3956 D.
1787 3906 2009 3972 August.
2068 3908 2240 3973 Epist.
2285 3914 2369 3959 66.
2418 3910 2732 3960 Dioscorum

1666 3984 1809 4048 vulgi
1854 3984 2034 4034 laudes
2085 3984 2370 4037 sectantem
2424 3988 2732 4052 perstringit

1666 4062 1918 4113 Persiano
1956 4065 2054 4115 hoc
2089 4066 2243 4114 locu:
2279 4066 2469 4129 ‘Tune,
2508 4083 2538 4117 o
2579 4068 2732 4117 Dios·

515 4132 731 4198 prodest
751 4136 917 4184 multa
934 4135 1241 4186 didicisseni
1263 4136 1446 4189 doctus
1467 4155 1581 4189 esse
1659 4154 1922 4203 corefnec
1940 4142 2179 4192 Persium
2200 4150 2342 4193 tuum
2371 4143 2589 4208 respicis
2603 4159 2731 4197 con-

515 4224 816 4276 cognoscar,
846 4212 1017 4280 inquit
1035 4213 1184 4266 bomo
1208 4214 1471 4268 scribendi
1493 4232 1582 4268 cu-

473 4295 479 4307 “
516 4288 690 4352 pidus⁸
1380 4310 1385 4313 ·

1662 4223 1803 4269 torto
1827 4219 2081 4269 versiculo
2101 4219 2199 4270 tibi
2233 4219 2608 4286 insultantem}
2626 4224 2727 4271 &c-

1660 4297 1765 4351 Ubi
1801 4298 2101 4351 Persianam
2140 4300 2455 4353 sententiam
2487 4297 2729 4357 affertffiet
