3084 4934
528 365 621 433 58

1300 383 1370 431 A·
1420 382 1666 433 PRRSU
1722 384 1983 435 FLAGCI

537 528 680 593 Sub
707 532 923 595 rastro
953 532 1178 613 crepet
1203 529 1451 612 argenti
1479 529 1643 594 mihi
1669 530 1867 609 aeria,
1910 529 2144 597 dextro

539 630 879 697 Hercule!
922 631 1341 716 pupillumve
1374 632 1643 712 utinam,
1674 653 1869 719 quem
1897 637 2245 719 proximus
2273 636 2487 702 haeres
2501 632 2536 723 ἶ

540 735 853 819 Impello‚
883 753 1298 818 expungam:
1342 755 1627 821 namque
1654 742 1756 801 est
1784 739 2164 818 scabiosuS,
2195 745 2259 804 et
2288 742 2427 817 acri
2475 797 2480 803 .

516 918 700 982 'patrui
730 918 863 970 nei!
926 919 1083 984 Atque

535 989 720 1034 resonet
739 985 825 1034 tub
846 985 1004 1047 ligone

1115 920 1321 979 urim,
1364 921 1514 970 amico
1555 921 1781 984 Hercule,
1818 938 1903 973 ves
1918 922 2081 988 fictile
2113 927 2310 985 argento
2345 920 2598 972 refertum
2633 921 2749 971 mihi

1014 983 1038 1034 Ι
1107 985 1153 1033 0
1171 985 1217 1034 si
1247 988 1319 1035 vel
1336 986 1520 1047 deleam
1550 988 1800 1051 pupillam,
1821 1003 1957 1050 quem
1988 989 2202 1051 insequor
2230 988 2382 1038 hoeres
2414 1003 2513 1050 ego
2545 987 2751 1037 maxime

533 1047 852 1113 propinqum!
917 1051 1169 1101 Enimvero
1202 1050 1385 1101 laborat
1418 1053 1714 1116 impetigine,
1734 1057 1782 1105 et
1813 1054 2071 1103 vehementi
2104 1054 2197 1102 bite
2218 1052 2504 1103 intumescit.
2572 1053 2753 1101 Nerius

1467 1197 1582 1217 0000
1590 1197 1825 1218 '‘0000“

539 1296 733 1358 oerg‘enti
763 1298 889 1347 aeria
931 1298 1034 1350 Ms.
1071 1298 1324 1350 ouh—13
1357 1316 1468 1350 nam
1503 1301 1564 1351 C.
1593 1315 1840 1365 expungas
1874 1282 1978 1350 Ms.
2016 1298 2211 1350 R.-14
2244 1298 2465 1348 conditur
2499 1297 2605 1346 Ms.
2632 1296 2752 1360 Gal.

1444 1458 1455 1467 Α.
1545 1414 1758 1465 NOTAE

610 1512 670 1558 11
704 1508 804 1559 Sub
855 1510 1034 1576 rastro]
1090 1512 1172 1562 Ne
1223 1512 1434 1574 mirere,
1466 1513 1606 1577 qnod

542 1584 655 1635 viro
672 1585 825 1636 diviti
844 1602 906 1636 ac
928 1587 1092 1638 nobili
1116 1596 1336 1639 rastrum
1353 1590 1611 1639 attribuat

520 1661 780 1725 Persius,
799 1679 914 1714 cum
938 1665 1095 1715 etiam
1126 1665 1191 1716 ab
1224 1675 1398 1716 aratro
1429 1665 1610 1716 Dicta-

544 1744 707 1789 torem
751 1750 1025 1792 evocatum
1069 1743 1367 1805 viderimus,
1417 1745 1527 1794 Sat.
1570 1758 1610 1794 1.

543 1814 749 1867 seilicet
803 1819 1120 1882 agricultura
1159 1835 1345 1884 magno
1394 1828 1511 1870 erat
1557 1822 1610 1871 in

542 1891 734 1944 honore
770 1896 908 1959 apud
944 1897 1234 1947 Romanos:
1284 1912 1384 1948 nec
1416 1899 1612 1949 homiui

542 1969 736 2033 probro
790 1979 922 2036 erat,
968 1988 1114 2022 suum
1171 1988 1266 2038 per
1315 1989 1372 2024 se
1428 1990 1609 2039 agrum

544 2045 734 2099 colere.

615 2123 812 2188 crepet]
845 2124 911 2173 Id
933 2133 1033 2190 est,
1040 2126 1331 2191 jucundum
1349 2128 1472 2177 mihi
1488 2130 1615 2180 edat

546 2201 771 2251 sonitum
796 2210 1009 2281 reperta
1041 2203 1286 2256 fodiendo
1321 2212 1378 2256 et
1424 2214 1613 2256 terram

540 2280 816 2331 avertendo.

611 2355 778 2419 Seria]
840 2359 947 2408 Vas
989 2365 1277 2411 testaceum
1320 2363 1617 2428 oblongum,

549 2432 688 2495 quod
708 2436 1028 2485 occultatum
1056 2437 1124 2487 sit
1159 2452 1249 2488 seu
1271 2438 1494 2490 hostium
1516 2455 1613 2489 seu

548 2507 721 2559 furum
757 2518 931 2575 metu;
968 2520 1105 2563 testa
1146 2530 1301 2579 porro
1342 2524 1493 2567 terrm
1538 2518 1612 2566 in-

548 2584 686 2636 fossa
707 2603 810 2643 non
832 2591 1106 2652 putrescit,
1139 2593 1259 2642 hinc
1285 2593 1337 2642 in
1376 2595 1522 2644 seriis
1559 2602 1615 2645 et

526 2662 664 2723 ‚ollis
705 2664 976 2716 thesauros
1015 2666 1340 2719 infodiebant
1389 2679 1618 2721 veteres.

529 2741 682 2792 .1nde
705 2749 786 2793 est
810 2745 988 2796 Plauti
1009 2744 1299 2797 Aulularia.
1346 2749 1412 2797 Et
1427 2749 1621 2798 Horat.

526 2820 663 2870 -Sat,
685 2833 748 2870 ιι.
783 2824 834 2872 6.
869 2822 885 2850 ‘
909 2822 957 2873 Ο
995 2823 1039 2876 si
1071 2840 1250 2875 urnam
1278 2825 1481 2888 argenti
1510 2824 1619 2875 fors

554 2914 655 2965 qua
678 2900 802 2949 mihi
825 2903 1119 2955 monstret!

528 3028 537 3033 ,
617 2977 808 3027 Dextro
835 2979 1061 3043 Hercule]
1113 2982 1370 3046 Propino,
1389 2982 1617 3035 favente.

556 3052 746 3103 Horat.
780 3055 895 3105 loco
934 3071 1054 3106 mox
1087 3058 1347 3109 cinomia-⁰
1390 3062 1618 3112 Hercule.

553 3131 662 3180 Hic
693 3131 830 3180 enim
867 3133 1189 3184 recludendis
1211 3136 1469 3187 thesauris
1491 3153 1621 3203 prae-

554 3207 724 3258 sidere
763 3209 1105 3274 credebatur3
1152 3212 1289 3263 sicut
1325 3215 1621 3266 Mercurius

553 3291 741 3348 aperto
765 3287 910 3336 lucro
931 3298 985 3336 et
1008 3289 1377 3354 negotiationi:
1399 3299 1622 3357 uterque

556 3377 713 3426 porro
732 3364 1005 3428 repentino
1020 3373 1074 3415 et
1086 3366 1420 3431 inexpectato
1443 3370 1591 3420 lucro
1606 3387 1620 3431 ς

556 3438 696 3489 unde
719 3447 773 3489 et
796 3442 972 3490 Lucrii
1000 3443 1086 3492 Dii
1109 3446 1464 3507 appellantur.
1524 3448 1625 3497 Ar-

534 3517 681 3571 ,nob.
723 3518 813 3568 lib.
836 3532 912 3568 lv.
955 3519 1132 3570 Plaut.
1169 3521 1401 3572 Mostell.
1424 3526 1438 3551 ‘
1461 3524 1514 3573 Is
1537 3525 1623 3574 vel

557 3593 776 3644 Herculi
798 3602 1070 3647 conterere
1103 3605 1355 3662 quaestum
1390 3601 1623 3664 possiet?

559 3671 632 3721 Et
662 3671 877 3722 Diodor.
895 3673 1054 3723 Sicul.
1075 3689 1127 3724 ν.
1151 3679 1202 3725 2.
1237 3676 1404 3728 refert
1426 3678 1625 3729 Hercu-

534 3747 662 3806 ‚lem
702 3748 768 3798 ad
786 3750 1033 3800 honorem
1055 3751 1153 3801 sibi
1186 3767 1218 3801 a
1247 3753 1501 3805 Palatinis
1532 3755 1626 3805 im-

561 3840 800 3890 pensum,
833 3827 1055 3889 dixisse;
1092 3843 1183 3879 eos
1222 3830 1308 3895 qni
1342 3831 1442 3882 sibi
1487 3841 1628 3897 post·

564 3917 718 3967 quam
757 3903 823 3952 ad
847 3905 988 3954 Deos
1011 3907 1287 3956 translatus
1308 3916 1465 3970 esset,
1488 3909 1629 3959 deci-

561 3994 697 4029 mam
736 3979 986 4031 bouorum
1022 3981 1282 4046 dicarent,
1318 3986 1476 4036 vitam
1515 3986 1630 4037 feli·

537 4072 678 4113 ‚cem
710 4058 966 4109 victuros:
1003 4059 1145 4123 quod
1175 4067 1231 4112 et
1268 4065 1505 4115 evenisse
1539 4081 1630 4115 ex-

562 4134 820 4198 perientia
863 4135 1132 4185 docueritz
1181 4143 1239 4187 et
1273 4136 1573 4190 factitatum
1600 4156 1633 4191 a

563 4211 780 4336 {aucune
796 4213 1137 4264 Romanorum
1150 4214 1405 4268 ditissimo
1413 4218 1631 4284 aliisque

589 4287 741 4339 uerit.

1756 1517 1818 1565 12
1857 1512 2121 1577 Papinum]
2172 1512 2315 1561 Puer
2339 1516 2419 1560 est
2441 1508 2536 1560 sub
2563 1510 2752 1558 tutoris

1690 1596 1951 1654 potestate
1976 1588 2310 1649 constitutus,
2332 1588 2498 1636 donec
2520 1601 2613 1649 per
2634 1593 2757 1635 εἰει-

1692 1674 1798 1717 tem
1823 1668 1903 1717 sui
1939 1664 2075 1730 juris
2090 1665 2204 1727 fiat,
2227 1672 2283 1715 et
2308 1678 2514 1713 suorum
2535 1665 2647 1726 ipse
2668 1661 2757 1711 bo·

1694 1759 1872 1794 norum
1895 1742 2397 1795 administrationem
2420 1744 2682 1802 capessat.

1759 1821 1910 1878 Quem
1924 1822 2173 1885 proximae
2189 1820 2342 1870 rueres
2357 1816 2563 1881 impello]
2588 1817 2757 1867 Quem

1692 1898 1979 1963 subsequor
2011 1897 2248 1962 proxime
2289 1897 2344 1945 in
2385 1894 2568 1967 ordine
2592 1895 2758 1944 haere-

1693 1974 1816 2024 dum
1838 1976 2177 2025 secundorum
2203 1991 2217 2025 ε
2249 1975 2332 2024 vel
2350 1974 2434 2023 cui
2458 1986 2571 2023 sum
2594 1971 2760 2036 pupil-

1695 2051 1873 2100 lariter
1897 2050 2229 2102 substitutus.

1761 2132 1823 2177 13
1859 2127 2076 2192 Impeuo]
2146 2127 2383 2190 Metaph.
2442 2125 2509 2174 ab
2553 2124 2617 2173 iis
2669 2123 2759 2187 qui

1695 2218 1809 2255 sese
1835 2205 1889 2254 in
1928 2205 2079 2255 turba
2112 2205 2480 2268 comprimunt,
2509 2208 2565 2251 ut
2605 2201 2758 2251 citius

1697 2282 2114 2347 progrediantur.
2437 2282 2444 2289 '

1763 2358 2075 2429 ssxpungum]
2113 2359 2351 2422 Metaph.
2368 2357 2454 2406 vel
2477 2370 2507 2406 a
2526 2356 2660 2408 Jure
2675 2354 2762 2406 ci-

1698 2435 1803 2499 vili,
1828 2437 1882 2485 in
1916 2450 2017 2501 quo
2053 2436 2098 2485 is
2128 2435 2444 2499 dispungere
2467 2431 2659 2483 dicitur
2675 2431 2762 2497 qui

1694 2519 1863 2561 mutat
1882 2511 2145 2578 quidpiam
2166 2512 2219 2560 in
2254 2511 2447 2560 tabulis
2486 2515 2765 2571 testamen-

1696 2589 1759 2650 ti,
1779 2596 1835 2639 et
1855 2603 2176 2653 expungere,
2196 2589 2283 2655 qui
2321 2589 2487 2637 delet:
2524 2588 2608 2636 vel
2641 2601 2676 2635 a
2707 2601 2762 2635 rc

1702 2665 1925 2715 militari.
2008 2666 2207 2717 Milites
2249 2667 2388 2717 enim
2432 2665 2661 2729 expungi
2690 2664 2766 2714 di-

1700 2751 1921 2805 cuntur;
1957 2760 2192 2809 quorum,
2230 2744 2356 2795 data
2389 2744 2645 2806 missione,
2673 2757 2764 2793 no-

1701 2834 1818 2869 meu
1859 2836 1926 2871 ex
1952 2822 2072 2871 albo
2119 2822 2345 2885 deletur,
2378 2822 2514 2886 quod
2557 2822 2765 2885 punctis

1700 2896 2004 2963 inscriptum
2049 2899 2241 2951 fuerat.
2346 2900 2408 2949 In
2460 2901 2595 2950 bello
2644 2915 2767 2951 vero

1681 2975 1783 3042 ⁸(ut
1802 2977 1876 3028 ait
1897 2985 2048 3028 vetus
2065 2979 2336 3042 Interpres
2357 2976 2470 3041 hic)
2502 2981 2517 3005 ‘
2541 2978 2766 3028 cadente

1696 3054 1784 3118 qui
1809 3055 2004 3118 primus
2025 3062 2125 3116 est,
2159 3056 2580 3111 succenturiatur
2600 3054 2768 3106 alins?

1683 3132 1890 3184 ¹Sensus
1914 3147 2068 3195 porro
2089 3140 2203 3183 est:
2238 3134 2434 3182 utinam
2467 3134 2611 3182 illum
2628 3147 2765 3182 mors

1703 3208 1890 3271 rapiat,
1931 3209 2083 3274 cujus
2112 3209 2389 3260 haereditas
2428 3210 2768 3274 miliicontin-

1704 3292 1822 3348 get:
1865 3287 1967 3350 vel,
1987 3287 2224 3337 deleatur
2263 3302 2293 3339 e
2333 3294 2648 3338 testamento
2679 3302 2769 3338 no·

1702 3376 1822 3412 men
1840 3365 1948 3427 ejus
1965 3364 2046 3413 eui
2065 3365 2321 3414 secundus
2337 3364 2505 3414 haeres
2525 3365 2770 3416 succedo.

1770 3443 1983 3505 Namque
2018 3448 2088 3491 est
2112 3442 2367 3506 nubitum]
2421 3443 2601 3506 Impiis
2638 3443 2772 3494 votis

1705 3520 2093 3569 excusationem
2115 3521 2394 3585 praetendit
2429 3514 2651 3585 nequam
2683 3521 2772 3571 ille

1689 3597 1831 3647 sitae
1864 3598 2044 3648 alienoe
2068 3598 2366 3648 insidiator:
2402 3613 2620 3662 nempez
2656 3612 2776 3648 eon·

1709 3676 1909 3740 tagioso
1952 3676 2188 3726 laborans
2218 3691 2346 3740 puer
2382 3676 2563 3725 morbo
2586 3690 2682 3725 cur
2702 3676 2775 3725 vi-

1710 3753 1836 3801 vat?
1901 3753 2021 3813 Vel,
2064 3751 2201 3816 apud
2239 3767 2295 3801 se
2335 3752 2774 3816 meditatusxqua

1708 3830 1795 3878 via
1829 3829 2043 3894 impune
2086 3835 2353 3893 expungat
2404 3828 2678 3893 pupillum,
2720 3834 2777 3877 et

1709 3921 1912 3956 veneno
1947 3907 2133 3956 tollere
2161 3905 2301 3956 forte
2345 3904 2485 3969 apud
2522 3919 2578 3953 se
2609 3912 2777 3955 statu-

1710 4000 1824 4047 ens,
1864 3991 2041 4049 asperat
2096 3999 2241 4033 suum
2300 3985 2470 4033 scelus
2513 3984 2776 4033 occultum

1710 4059 1840 4121 fore,
1859 4062 1994 4124 quod
2018 4061 2108 4109 ille
2130 4061 2199 4109 sit
2221 4061 2356 4109 male
2375 4057 2565 4108 affecta
2576 4060 2777 4110 -valetu-

1712 4138 1862 4198 dine-3
1916 4139 2102 4202 plenus
2137 4151 2323 4202 nempe
2362 4137 2540 4186 scabie
2573 4142 2632 4186 et
2663 4142 2778 4185 atra

1695 4214 1961 4279 ‚bili,quae
1984 4217 2262 4265 multorum
2299 4214 2588 4267 morborum
2623 4227 2779 4263 eausa

1696 4298 1810 4343 est.
1875 4291 1941 4342 In
1973 4306 2076 4358 quo
2098 4291 2258 4343 etiam
2293 4305 2355 4342 se
2392 4295 2571 4341 tuetur
2601 4303 2754 4342 exem
