3084 4934
552 382 684 455 108
1314 409 1387 459 A.
1434 407 1677 457 ranan
1726 406 1993 457 suom

1187 907 1893 1045 SATIRA
2016 942 2148 1033 v.

1258 1198 1364 1251 AD
1398 1198 1838 1251 MAGISTRUM
1870 1197 2076 1250 SUUM

924 1362 1524 1434 ANNAEUM
1626 1360 2399 1429 CORNUTUM·

1391 1731 1947 1784 ARGUMENTUM.

636 1876 721 1928 Ur
763 1873 1112 1942 gratissimum
1151 1889 1276 1940 erga
1310 1872 1620 1938 Cornutum,
1661 1878 2046 1938 praeceptorem
2078 1885 2247 1935 suum,
2282 1869 2509 1920 animum
2541 1867 2776 1921 declaret

571 1957 750 2022 poeta,
781 1955 947 2008 utitur
975 1957 1149 2023 lepida
1178 1956 1550 2007 sententiarum
1580 1951 2009 2005 conformatione.
2075 1952 2294 2003 Scilicet
2325 1951 2392 2000 ad
2423 1950 2500 2000 rei
2523 1951 2776 2016 magnitu-

572 2039 764 2103 dinem,
799 2054 915 2104 quae
940 2037 1112 2088 verbis
1135 2037 1328 2103 aequari
1349 2051 1451 2086 nou
1474 2036 1654 2101 possit,
1677 2033 2060 2096 declarandam,
2093 2033 2264 2100 poetae
2288 2032 2388 2083 sibi
2406 2039 2588 2097 optare
2608 2033 2779 2083 solent

572 2127 780 2171 centum
803 2136 890 2171 ora
908 2127 964 2170 et
984 2120 1202 2185 linguas,
1225 2120 1510 2169 Homerum
1530 2118 1731 2178 secuti;
1766 2131 1985 2183 quorum
2019 2129 2162 2166 more
2201 2121 2259 2166 et
2289 2115 2529 2166 instituto
2564 2114 2776 2165 Persius

573 2217 777 2268 quoque
796 2203 895 2253 boc
918 2203 1034 2252 loco
1056 2202 1239 2264 utitur,
1257 2200 1579 2266 subindeque
1598 2215 1654 2249 se
1675 2215 1706 2249 a
1727 2199 1960 2252 Cornuto
1979 2198 2370 2262 interpellatum
2393 2195 2564 2260 fingit.
2612 2197 2779 2249 Quor-

575 2298 688 2334 sum
709 2283 856 2335 haec?
891 2283 1086 2348 quippe
1109 2297 1280 2348 neque
1297 2297 1506 2332 carmen
1523 2281 1735 2347 aliquod
1749 2282 1966 2332 sublime
1986 2280 2194 2344 condas,
2212 2293 2382 2344 neque
2399 2278 2452 2327 in
2475 2283 2780 2342 argumento

573 2365 752 2431 aliquo
786 2365 991 2430 tragico
1028 2364 1270 2425 verseris,
1301 2379 1471 2430 neque
1494 2365 1700 2415 omnino
1740 2377 1954 2428 pravum
1974 2362 2121 2426 hujus
2141 2360 2320 2411 saeculi
2340 2373 2554 2423 morem,
2586 2373 2687 2423 quo
2708 2364 2783 2409 te-

570 2458 702 2495 nues
721 2450 778 2495 et
798 2444 998 2509 jejunae
1033 2459 1115 2494 res
1136 2443 1337 2509 ingenti
1357 2445 1582 2508 strepitu
1603 2445 1877 2495 verborum
1902 2457 1964 2492 ac
1985 2443 2228 2502 tumultu,
2261 2447 2322 2491 ut
2354 2439 2684 2504 gravissimae,
2705 2435 2781 2489 ef·

573 2522 834 2587 feruntur,
871 2524 924 2574 in
962 2526 1186 2575 animum
1212 2525 1477 2589 induxeris
1502 2526 1675 2591 sequi;
1725 2525 1819 2575 sed
1842 2524 1965 2575 vitae
1987 2524 2222 2573 humanae
2243 2521 2684 2585 consuetudinem,
2706 2522 2782 2569 iu‘-

576 2605 688 2656 dies
709 2605 868 2669 magis
890 2606 1153 2670 magisque
1174 2605 1224 2654 in
1248 2604 1478 2678 deterius
1501 2606 1848 2669 delabentem,
1867 2605 2117 2655 acerrimo
2136 2604 2241 2655 sale
2263 2600 2525 2654 defricare
2549 2601 2646 2652 tibi
2665 2616 2780 2666 pro·-

576 2687 805 2752 positum
844 2687 945 2749 sit3
996 2686 1120 2751 quin
1156 2688 1257 2738 buc
1293 2688 1451 2752 igitur
1472 2687 1635 2738 verba
1657 2694 1713 2738 et
1750 2687 2036 2738 sententias
2058 2686 2269 2751 dirigis?
2335 2689 2415 2735 18.
2483 2684 2782 2745 Enimvero,

570 2768 790 2818 ‘Persius
825 2768 1052 2833 subjicit,
1080 2768 1220 2826 Huic
1243 2783 1413 2818 rerum
1438 2769 1660 2819 vanitati
1682 2769 1920 2835 equidem
1947 2769 2115 2819 nullus
2136 2768 2358 2829 studeo;
2407 2766 2563 2816 animi
2582 2765 2683 2814 mei
2706 2774 2783 2814 re-

578 2862 754 2899 cessus
778 2848 871 2898 tibi
892 2857 951 2897 ut
975 2849 1249 2912 aperirem,
1269 2849 1721 2916 ostenderemque,
1752 2856 1944 2916 quanto
1967 2864 2140 2901 amore
2163 2854 2218 2900 te
2242 2849 2639 2913 complecterer,
2660 2855 2785 2897 vota

577 2930 868 2996 poetarum,
907 2930 988 2980 vel
1010 2930 1063 2979 in
1084 2930 1297 2980 minutis
1320 2931 1474 2981 rebus
1498 2947 1530 2980 a
1568 2931 1822 2981 nonnullis
1846 2931 2025 2995 inepte
2046 2931 2296 2992 adhibita,
2328 2931 2378 2980 in
2402 2929 2625 2980 maxima
2647 2944 2705 2980 re
2726 2936 2784 2981 et

576 3026 693 3062 meo
711 3026 863 3062 sensu
887 3011 1203 3074 gravissima,
1238 3026 1353 3062 mea
1374 3011 1493 3062 feci.
1548 3017 1631 3063 29.
1698 3013 1990 3063 Recensum
2005 3012 2118 3077 jam
2140 3010 2364 3062 instituit
2386 3011 2610 3060 omnium
2631 3010 2784 3061 bene-

576 3093 829 3155 ficiorum,
868 3092 1049 3157 quibus
1088 3106 1120 3142 a
1143 3093 1375 3144 Cornuto
1397 3108 1528 3158 puer
1552 3092 1769 3145 affectus
1804 3093 1894 3156 sit,
1929 3092 2287 3159 declaratque,
2311 3100 2557 3158 quantum
2578 3092 2689 3157 ejus
2710 3091 2787 3143 in-

579 3175 841 3224 stitutioni
878 3180 933 3224 et
970 3174 1253 3238 praeceptis
1285 3173 1492 3226 debeat.
1540 3179 1623 3225 40.
1688 3174 2075 3225 Familiaritatis
2098 3174 2286 3224 deinde
2309 3173 2625 3222 mentionem
2646 3170 2789 3236 facit,

579 3271 693 3322 quae
716 3254 813 3305 sibi
835 3269 953 3304 cum
972 3254 1059 3304 ino
1083 3269 1137 3304 se
1197 3269 1289 3318 per
1309 3255 1684 3317 intercesserit,
1708 3256 1902 3305 intimae
1922 3259 2006 3315 44,
2029 3254 2414 3320 studiorumque
2438 3252 2785 3305 communium

580 3350 881 3400 morumque
899 3336 1077 3385 similit
1153 3336 1270 3386 inis.
1321 3342 1403 3388 62.
1471 3337 1614 3388 Hinc
1650 3334 1889 3387 deflectit
1925 3336 1990 3387 ad
2025 3337 2254 3387 Stoicum
2276 3335 2484 3401 aliquod
2509 3334 2698 3400 dogma
2720 3333 2786 3385 de

464 3457 482 3466 ,
578 3416 846 3479 libertate,
888 3432 989 3480 quo
1027 3416 1232 3479 sapiens
1275 3419 1413 3467 solus
1456 3417 1591 3467 liber
1627 3416 1952 3482 perhibetur,
1991 3417 2293 3468 transitione
2326 3416 2598 3466 admodum
2630 3405 2790 3467 felici.

582 3495 779 3569 Animo
798 3498 934 3548 enim
957 3498 1251 3562 gratissimo
1272 3505 1540 3564 reputans,
1561 3494 1808 3565 quantum
1831 3500 1944 3565 ipse
1962 3500 2253 3551 Stoicorum
2273 3497 2557 3562 disciplinas
2578 3496 2793 3560 debeat,

580 3592 649 3628 ex
665 3577 973 3644 illorumque
997 3580 1195 3630 ratione
1229 3580 1294 3630 ad
1319 3579 1479 3630 vitam
1504 3595 1621 3631 cum
1654 3581 1811 3632 animi
1834 3580 2212 3647 tranquillitate
2235 3585 2293 3628 et
2314 3576 2604 3628 constantia
2625 3583 2790 3628 trans·

583 3658 825 3724 igendam
848 3659 1149 3724 profecerit,
1191 3677 1284 3712 suo
1306 3652 1469 3726 ipsius
1492 3664 1734 3728 exemplo
1767 3669 1945 3713 monet
1973 3663 2213 3726 juvenes,
2243 3665 2304 3711 ut
2332 3659 2514 3709 eadem
2543 3665 2791 3724 opportu-

584 3740 750 3790 nitate
772 3746 999 3804 ntautur,
1035 3756 1204 3807 neque
1227 3742 1553 3794 occasionem
1577 3742 1810 3794 discendi
1832 3742 2095 3794 differant.
2126 3747 2211 3792 72.
2277 3740 2365 3791 Ad
2384 3741 2520 3790 bene
2542 3747 2730 3791 autem-
2739 3745 2796 3789 et

585 3821 742 3872 beate
762 3822 1035 3872 vivendum
1069 3823 1312 3872 libertate
1334 3838 1465 3888 opus
1485 3839 1619 3887 esse,
1641 3839 1745 3874 non
1765 3824 1881 3888 ista,
1902 3836 2020 3888 quae
2039 3823 2093 3872 in
2112 3824 2316 3885 Damae,
2348 3822 2585 3886 agasonis
2619 3821 2791 3885 cujus·

586 3903 726 3966 dam,
745 3918 962 3967 persona
985 3903 1205 3966 ridetur,
1226 3904 1387 3954 civili.
1424 3909 1505 3956 82.
1572 3907 1752 3956 Docet
1773 3901 1952 3970 porro,
1985 3904 2107 3971 quid
2142 3903 2211 3954 sit
2244 3919 2313 3953 ex
2350 3902 2644 3952 Stoicorum
2682 3915 2795 3951 sen·

589 3985 775 4047 tentia,
795 3985 872 4034 ita
895 3985 1087 4046 vivere,
1113 3992 1172 4035 ut
1187 3986 1335 4048 velis,
1356 3987 1407 4036 id
1431 3993 1533 4049 est,
1552 4001 1690 4037 verre
1712 3986 1974 4037 libertatis
1997 3986 2102 4036 vim
2123 3992 2180 4036 et
2201 3991 2456 4047 naturam,
2472 3999 2591 4048 quae
2613 3998 2644 4032 a
2662 3996 2794 4047 pre·

588 4074 721 4127 tore,
744 4066 1078 4130 philosophiae
1102 4067 1301 4130 ignaro,
1325 4084 1426 4118 non
1453 4068 1617 4131 possit
1638 4069 1878 4134 cuiquam
1897 4067 2168 4132 impertiri.
2202 4071 2285 4117 95.
2339 4064 2424 4116 Ad
2444 4064 2635 4129 omnia,
2653 4080 2794 4130 quae·

589 4160 809 4211 cumque
847 4148 996 4209 velis,
1034 4148 1275 4199 facienda
1313 4151 1506 4216 requiri
1547 4157 1844 4201 accuratam
1868 4151 2093 4200 omnium
2117 4163 2285 4198 rerum
2310 4147 2660 4211 cognitionem
2683 4149 2794 4211 104,

587 4224 986 4293 libertatemque
1009 4230 1119 4279 sine
1142 4231 1436 4296 cognitione
1461 4231 1591 4295 veri,
1615 4245 1888 4297 rerumque
1909 4232 1993 4281 vel
2029 4229 2439 4295 expetendarum
2478 4229 2560 4279 vel
2598 4226 2793 4292 fugien-

589 4306 770 4360 darum
789 4308 1008 4376 ratione,
1040 4316 1098 4360 et
1126 4311 1297 4362 animo
1316 4311 1382 4362 ab
1402 4314 1638 4364 omnibus
1660 4313 2032 4378 cupiditatibus
2053 4311 2377 4377 motibusque
2400 4307 2789 4361 vehementiori·
