3084 4934
462 359 551 426 lo
933 422 943 433 .
1241 377 1341 430 ns
1384 377 1634 428 rnnsn
1682 378 1887 448 vm,
1965 411 1996 427 0

457 512 965 593 ‘inumerabiles
991 526 1147 604 sint,
1164 532 1292 592 'nec
1322 527 1407 591 ad
1437 532 1687 613 eertum
1716 540 2063 593 numerum·
2080 533 2316 593 nutura
2343 527 2657 604 ustrictae,

459 636 931 714 praeoeptaque
957 629 1297 712 etsegulae
1322 630 1652 716 hujus-vel
1675 631 1857 697 illius
1879 630 2108 697 formae
2156 637 2274 696 aut
2303 631 2660 705 imitatori·

460 731 592 796 bus
622 736 741 796 aut
766 733 1128 798 lectoribus
1154 739 1413 799 tantum
1443 736 1829 812 scribantur,
1856 738 1956 800 ut
2004 735 2311 810 habeant,
2343 732 2542 818 quod-
2551 744 2658 799 se-

464 841 769 917 quantur,
797 841 917 902 aut
945 836 1029 901 ad
1060 836 1243 921 quod
1271 839 1363 902 in
1403 838 1679 922 legendo
1719 836 2079 917 attendant,
2106 856 2241 903 non
2271 837 2512 922 poetiS,
2543 838 2661 922 qui

459 936 667 1007 libero
693 959 908 1018 cursu,
939 959 1072 1024 quo
1101 941 1386 1025 inpetus
1412 944 1480 1005 et
1506 940 1728 1017 Musae
1757 938 2022 1019 ducant,
2047 946 2432 1025 sequuntur.
2508 940 2656 1007 111oe

462 1040 686 1156 satirae
710 1049 834 1107 aut
866 1044 1177 1128 epistolae
1229 1043 1335 1109 ad·
1366 1045 1621 1109 amieos
1655 1044 1892 1109 missae
1932 1063 2014 1109 eo
2057 1044 2341 1110 consilio
2388 1043 2658 1127 scriptae

462 1138 633 1224 sunt,
684 1148 763 1208 ut
808 1146 943 1229 ipsi
992 1147 1190 1232 quasi
1254 1146 1708 1231 inscriptionis
1748 1146 1996 1213 honore
2041 1147 2406 1235 amicique
2401 1146 2674 1231 pieffle.
2771 1196 2780 1205 =

463 1248 851 1329 gauderent..
846 1249 1149 1321 lectores
1172 1269 1354 1331 vero,
1384 1268 1688 1334 quorum
1699 1250 1872 1317 ratio
1900 1250 2240 1335 preedpue
2278 1249 2508 1315 habita
2533 1254 2661 1328 est,

458 1349 765 1417 lectionis
790 1351 1076 1419 fructum
1105 1352 1529 1439 colligerent.
1675 1412 1686 1422 .
1719 1394 1726 1399 a

547 1452 789 1539 Neque
809 1474 1036 1521 eorum
1051 1457 1280 1541 opinio
1301 1456 1464 1521 mihi
1484 1410 1819 1540 probatur,
1838 1457 1957 1540 qui
1972 1455 2339 1541 perhibent·
2356 1454 2661 1521 Persium

457 1574 607 1621 eum
622 1576 835 1622 rerum
851 1558 1181 1624 ordinem
1160 1579 1231 1623 ιιι
1252 1561 1475 1626 satiris
1492 1578 1776 1638 servate,
1793 1578 1991 1645 quem
2011 1558 2395 1627 dialectices
2414 1557 2658 1641 reguiae

458 1662 915 1763 praesamant.
1004 1660 1288 1728 Videtur
1309 1664 1577 1748 potius·
1557 1683 1630 1728 ιιι
1642 1663 1769 1728 hac
1792 1683 1866 1727 re
1886 1662 2327 1747 philosophus
2349 1682 2478 1729 non
2496 1662 2660 1729 satis

390 1778 397 1793 ¹
461 1770 816 1830 accuratus
861 1769 932 1831 et
954 1766 1262 1846 subtilis»,
1305 1766 1640 1851 simulque
1667 1765 1874 1850 poeta
1908 1784 2043 1831 uon
2084 1766 2251 1832 sutis
2292 1765 2552 1830 solutus
2573 1776 2663 1833 ‘ae

456 1864 647 1933 liber.
735 1867 1212 1953 Unusquisque
1238 1870 1483 1948 statim,
1512 1887 1941 1953 quacumque
1959 1868 2167 1934 satira
2184 1869 2495 1952 perlecta,
2520 1867 2666 1933 ani·-

430 1999 438 2009 ·
457 1968 883 2037 madverterit
909 1974 1180 2036 necesse
1200 1976 1326 2051 est,
1346 1971 1656 2039 Persium
1668 1991 1798 2036 non
1814 1990 1947 2036 uno
1965 1977 2191 2037 tenore
2209 1976 2662 2062 argumentum

437 2071 864 2154 devenisse,
915 2074 1034 2140 sed
1082 2076 1152 2139 in
1185 2074 1462 2158 singulis
1485 2076 1793 2158 partibus
1820 2075 2223 2151 elaborasse,
2252 2080 2446 2158 prout
2472 2091 2661 2161 quae-

459 2198 593 2264 que
638 2179 751 2244 illi·
782 2180 852 2244 in
890 2185 1174 2245 mentem
1201 2180 1473 2259 venerit,
1507 2198 1757 2264 easque
1783 2179 2045 2244 curiose
2069 2178 2391 2251 interdum
2418 2182 2487 2243 et
2512 2177 2664 2245 dili-

404 2308 411 2317 ¹
460 2287 683 2367 genter
708 2283 811 2348 ita·
829 2282 1256 2368 expolivisse,
1297 2287 1374 2347 ut
1414 2283 1665 2367 ubique
1686 2293 2000 2349 tomatum
2027 2281 2249 2367 poiitae
2291 2280 2403 2345 vel
2429 2280 2500 2345 in
2528 2280 2668 2346 sin-

460 2387 634 2470 gulis
681 2388 904 2452 verbis
954 2404 1302 2471 agnoscas,
1359 2385 1591 2451 deinde
1648 2405 1789 2464 effi,
1837 2385 2143 2469 neglecta
2191 2389 2355 2462 arto,
2408 2402 2562 2467 quas
2593 2383 2664 2448 in

460 2490 896 2555 commissura
949 2489 1234 2558 celanda
1288 2490 1591 2567 cernitur,
1647 2490 2134 2574 composuisse,
2185 2491 2264 2553 ut
2312 2488 2530 2571 primo
2557 2476 2666 2551 afs-
2749 2476 2756 2483 ’

459 2597 660 2675 peotu
709 2595 912 2659 totius
949 2596 1171 2678 operis
1200 2598 1427 2677 partes
1453 2598 1837 2677 appareant.
1925 2590 2092 2670 Qua
2128 2610 2217 2657 ex
2244 2611 2317 2656 re
2362 2589 2664 2672 colligas,

459 2695 858 2763 inventionis
890 2698 1189 2762 ubertate
1212 2714 1569 2779 rerumque
1599 2696 1804 2779 eopia
1827 2695 2039 2776 magis
2068 2693 2258 2759 illum
2285 2693 2670 2758 destitutum

434 2799 693 2878 fuisse,
739 2819 936 2883 quam
958 2819 1194 2864 rerum
1244 2798 1651 2887 singularum
1694 2797 2019 2863 uaomndi
2070 2802 2230 2875 arte,
2283 2813 2419 2880 qua
2460 2795 2668 2878 probe

458 2901 822 2976 instructus
851 2903 1425 2985 grammaticorum
1452 2902 1874 2968 et.rhetorum
1902 2898 2171 2986 scholas
2191 2899 2537 2982 reliquisse
2566 2896 2670 2962 vi-

461 3002 672 3071 detur.
750 3004 1064 3070 Poetices
1092 3022 1309 3089 porro
1352 3004 1531 3091 ratio,
1573 3005 1897 3088 postulat,
1949 3009 2023 3067 ut
2064 3022 2193 3082 res,
2245 3020 2411 3091 quas
2444 3004 2670 3067 mente

458 3113 712 3174 tantum
739 3115 804 3172 et
826 3109 1084 3173 ratione
1111 3107 1434 3186 videmus,
1480 3108 1579 3172 ita
1621 3111 1984 3174 tractentur¹
2017 3112 2087 3171 et
2124 3110 2562 3188 exponantur,
2589 3107 2670 3170 ut

461 3211 687 3276 omnia
734 3212 1084 3276 videantur
1130 3212 1200 3274 in
1245 3228 1326 3276 ea
1364 3212 1511 3276 esse
1560 3215 1838 3289 mutata,
1887 3229 2042 3292 quae.
2071 3209 2379 3272 sensibus
2408 3208 2666 3291 percipi

459 3306 746 3398 possint.
835 3313 917 3379 Iu
947 3334 1083 3399 quo
1111 3334 1343 3398 genere
1384 3312 1654 3379 Persius
1700 3314 1787 3377 ab
1831 3312 2122 3376 Horatio
2160 3311 2352 3392 longe
2394 3330 2438 3375 a
2485 3315 2668 3395 tergo

458 3416 879 3501 relinquitur:
924 3418 1010 3482 ad
1038 3438 1207 3502 quos
1228 3418 1404 3483 enim
1446 3408 1768 3501 scopulos
1811 3416 1924 3480 ille
1965 3420 2206 3480 temere
2244 3413 2665 3499 naufragium

462 3537 649 3604 saepe
675 3521 853 3600 feeit,
905 3540 1024 3587 eos
1049 3521 1347 3605 prudenti
1379 3521 1667 3586 consilio
1695 3519 1805 3585 hic
1834 3538 2097 3603 semper
2138 3520 2435 3584 evitavit.
2525 3517 2666 3582 Ob-

459 3621 621 3713 litus
640 3618 749 3687 'est
777 3623 1076 3702 PersiuS‚
1103 3640 1218 3688 eas
1248 3622 1694 3708 philosophiae
1724 3629 1972 3708 partes»,
2005 3643 2158 3708 quae
2190 3623 2257 3686 in
2289 3624 2483 3687 rebus
2510 3638 2666 3688 con·

460 3725 861 3809 templandis
906 3727 1152 3811 positae
1181 3734 1354 3805 sunt,
1403 3742 1623 3811 eaque
1669 3727 2007 3813 principia
2033 3727 2392 3806 recondita,
2422 3726 2668 3811 quibus

456 3846 713 3892 morum
737 3828 1095 3913 disciplina
1113 3830 1365 3909 nititur,
1376 3850 1507 3896 non
1524 3850 1670 3895 esse
1687 3852 1792 3895 res
1815 3831 2019 3914 vulgi,
2038 3832 2465 3914 ineptumque
2486 3848 2659 3908 esse,

456 3930 941 3996 multitudinem
983 3934 1211 3997 harum
1238 3953 1449 3999 rerum
1472 3934 1775 4018 judicem
1806 3935 2224 4011 constituere,
2272 3952 2497 3997 coram
2526 3954 2660 4018 quo

456 4032 837 4117 philosophi
864 4054 1138 4101 causam
1166 4055 1354 4101 suam
1384 4044 1609 4122 agant.
1697 4037 1965 4103 Etenim
2014 4038 2104 4115 in,
2138 4034 2519 4120 hujusmodi
2555 4038 2667 4120 ju-

456 4135 642 4201 dicio
669 4136 934 4203 facilius
965 4160 1135 4219 esse,
1177 4142 1326 4206 illas
1351 4161 1456 4207 res
1483 4144 1554 4206 in
1579 4143 1783 4206 risum
1811 4146 1880 4207 et
1905 4143 2135 4226 jocum
2163 4145 2430 4218 vertere,
2461 4154 2667 4223 quam

458 4239 643 4326 gravi
693 4239 1137 4328 disputatione
1181 4265 1461 4345 causam
1507 4245 1843 4335 obtinere„
1875 4243 2204 4312 Horatius
2249 4254 2379 4312 non
2422 4248 2556 4325 uno
2575 4242 2665 4309 ‘iu
