3084 4934
467 385 601 454 262

473 550 794 611 praeceptor,
812 547 984 598 cultor
1005 551 1063 598 et
1082 545 1398 612 informator,
1432 548 1542 599 illo·

472 637 590 675 rum
632 638 783 674 aures
825 624 891 675 ab
933 624 1169 676 omnibus
1207 626 1444 676 sordibus
1488 631 1542 676 et

474 700 802 765 opinionibus
853 707 1116 771 purgatas,
1160 702 1310 767 fruge
1359 704 1545 754 Clean-

475 777 615 842 thea,
652 785 708 829 et
743 779 922 829 Stoica
960 779 1236 844 disciplina
1270 779 1455 829 inseris
1487 787 1545 829 et

474 855 769 921 implantas.
789 857 1414 922 Lubin.—Purgotaa,85c.]
1448 857 1545 906 Co-

475 931 561 989 lis,
590 932 776 998 inquit,
806 934 1058 998 juvenum
1095 935 1319 986 animos:
1366 941 1576 1000 atque,·

474 1011 538 1058 nt
555 1008 755 1072 peritus
772 1011 1002 1071 colonus,
1021 1009 1244 1074 primum
1258 1025 1288 1059 a
1302 1010 1546 1062 vitiorum

475 1086 705 1136 sentibus
729 1102 817 1137 eos
842 1102 1060 1153 purgas3
1094 1087 1283 1139 deinde
1302 1087 1452 1154 fruge
1469 1089 1547 1138 in-

477 1163 604 1214 seris
624 1165 831 1214 moralis
854 1165 1205 1228 Philosophiae
1233 1165 1546 1216 Stoicorum.

479 1239 588 1290 Pro
612 1240 779 1291 animo
801 1256 939 1291 aures
961 1241 1208 1306 nominat,
1221 1242 1342 1307 quia
1365 1242 1547 1294 auditu

482 1315 736 1367 doctrina·
764 1319 1404 1384 pampinatam—Inserit,
1434 1319 1545 1384 εμπ]

481 1392 702 1443 Variata
722 1408 817 1457 per
840 1395 1153 1460 hypallagen
1173 1397 1368 1446 locutio
1389 1413 1402 1446 ε
1440 1412 1545 1446 non

481 1469 619 1519 enim
643 1486 765 1520 arva
788 1473 1003 1522 serimus
1039 1474 1091 1522 in
1129 1472 1300 1537 fruge,
1329 1475 1422 1525 sed
1444 1474 1548 1524 fru-

481 1548 674 1612 gemin
707 1550 858 1599 arviS.
922 1550 1010 1600 Sic
1038 1559 1093 1601 et
1127 1553 1335 1601 auribus
1353 1548 1549 1615 fruges,

483 1623 537 1673 id
561 1630 658 1688 est,
681 1626 969 1690 disciplinae
990 1629 1302 1692 inseruntur,
1318 1645 1420 1679 non
1441 1628 1549 1679 fru-

484 1701 633 1766 gibus
676 1719 848 1754 aures.
919 1707 1219 1756 Cleantheam
1259 1708 1412 1771 dixit,
1451 1723 1548 1773 pro

483 1778 674 1835 Stoica.
714 1781 913 1831 casaub.
969 1784 1092 1833 Fuit
1113 1786 1388 1836 Cleanthes
1412 1786 1550 1837 Pha-

481 1856 562 1905 nis
600 1856 757 1921 filius,
790 1860 1033 1924 Zenonis,
1054 1864 1137 1912 cui
1169 1865 1442 1927 successit,
1465 1880 1552 1914 au-

482 1936 638 1989 ditor.
707 1939 880 2004 Hujus
909 1941 1177 2006 diligentia
1198 1944 1328 1996 abiit
1349 1944 1400 1993 in
1436 1960 1554 2008 pro-

482 2015 734 2067 verbium.
801 2020 940 2071 Nam
978 2021 1068 2070 ubi
1107 2021 1229 2085 quid
1251 2037 1447 2072 summa
1467 2037 1555 2072 cu·

484 2106 543 2142 ra
576 2099 633 2144 et
660 2095 918 2148 industria
947 2098 1270 2149 elaboratum
1295 2100 1554 2164 significa·

484 2184 617 2232 mus,
641 2172 707 2220 ad
744 2174 1007 2223 Cleanthis
1032 2176 1297 2227 lucernam
1320 2177 1555 2231 elabora-

485 2252 598 2296 tum
620 2248 853 2301 dicimus,
886 2251 1058 2302 Lubin.
1232 2296 1235 2303 .

549 2328 617 2374 64
648 2325 840 2388 Petite]
873 2328 1064 2377 Sensus
1085 2335 1196 2378 est:
1233 2331 1337 2380 Vos
1360 2345 1557 2392 omnes,

484 2400 671 2465 quibus
696 2402 804 2451 vita
826 2412 881 2452 et
903 2405 1039 2454 salus
1057 2419 1196 2455 curae
1214 2412 1319 2467 est,
1342 2407 1557 2470 quicum„

487 2490 588 2540 que
607 2477 763 2526 etiam
788 2478 931 2541 estis,
963 2480 1073 2529 hinc
1107 2496 1172 2528 ex
1204 2482 1476 2545 sapientia,
1499 2489 1558 2532 et

487 2552 700 2617 quidem
737 2555 1015 2618 disciplina
1048 2559 1240 2621 Stoica,
1273 2566 1474 2609 certum
1497 2559 1558 2608 fi-

488 2644 626 2687 nem,
650 2632 716 2681 ad
749 2644 899 2698 quem
937 2642 1108 2686 vestra
1149 2636 1293 2687 dicta
1317 2643 1374 2686 et
1415 2636 1557 2687 facta

487 2715 750 2773 spectent,
770 2710 974 2774 diligite
991 2728 1006 2772 ς
1042 2718 1098 2762 et
1112 2713 1256 2763 vobis
1273 2714 1418 2765 senio
1437 2728 1558 2764 con-

486 2783 642 2837 fectis
683 2788 947 2854 canisque,
981 2789 1169 2840 viatico
1213 2791 1313 2839 hoc
1358 2791 1561 2855 prospi-

484 2863 991 2930 cua—Jamque,
1009 2867 1118 2930 Esca]
1153 2867 1398 2937 Omnium
1421 2867 1559 2919 enim

490 2947 546 2991 et
590 2943 909 3008 singulorum
950 2944 1195 3010 interest,
1239 2951 1299 2995 ut
1337 2945 1559 3025 sap‘ffnt.

487 3018 640 3070 Idem.

553 3101 616 3146 65
650 3099 845 3164 Finem]
901 3101 1021 3155 Hoc
1057 3100 1196 3152 enim
1234 3116 1351 3152 cum
1380 3102 1561 3167 primis

489 3174 825 3240 Philosophia
863 3178 1037 3242 docet,
1058 3194 1124 3229 ne
1154 3180 1437 3244 jactemur,
1465 3181 1560 3231 sed

489 3251 687 3317 aliquid
712 3254 846 3304 certi
868 3262 993 3305 voto
1012 3264 1331 3320 expetanms.
1388 3259 1559 3311 Hora-

491 3327 628 3377 tius:
662 3328 678 3356 ‘
704 3330 921 3380 Certum
964 3338 1086 3382 voto
1128 3339 1254 3396 pete
1297 3332 1560 3384 finem.'—-

490 3403 807 3470 Miner-isque]
864 3406 1087 3458 Senibus
1142 3410 1557 3462 canescentibus.

491 3481 712 3545 Miser-is,
733 3484 857 3548 quia
880 3500 1028 3536 senes
1064 3485 1164 3535 nisi
1185 3487 1454 3551 sapientiae
1489 3489 1562 3538 vi·

491 3559 631 3610 atico
664 3562 849 3612 muniti
888 3563 1011 3628 sint,
1042 3564 1217 3615 miseri
1236 3572 1357 3615 sunt
1380 3565 1561 3616 futuri.

489 3638 777 3703 —Viaticd
826 3640 1210 3705 Philosophiam
1238 3648 1295 3692 et
1316 3642 1563 3706 sapienti-

492 3731 595 3771 am.
661 3715 867 3767 Alludit
903 3717 969 3767 ad
1001 3719 1381 3784 apophthegma
1405 3719 1562 3768 Bian-

492 3793 588 3859 tis:
620 3793 637 3822 ‘
658 3793 817 3843 Certe
833 3793 1087 3859 optimum
1097 3794 1260 3845 virtus
1278 3795 1561 3846 viaticum?

492 3869 667 3921 labin.
712 3910 715 3919 ⁴

506 3998 520 4007 ,
556 3952 623 3998 66
658 3946 914 4011 Ονιιο,ᾅ·ο.]
961 3947 1217 3998 Inseritur
1235 3948 1349 4012 jam
1371 3948 1564 3999 desidis

490 4023 758 4088 enjusdam
783 4025 990 4088 juvenis
1023 4024 1368 4092 dialogismus,
1387 4027 1565 4078 dicen·

490 4100 598 4155 tisz
648 4099 802 4153 Quod
827 4100 1003 4166 jubes,
1037 4116 1154 4151 cras
1197 4116 1468 4168 exsequar,
1507 4109 1564 4153 et

493 4189 612 4227 eras
652 4176 865 4227 virtutis
909 4185 964 4227 et
1016 4178 1290 4243 sapientiae
1335 4180 1563 4233 studium

493 4252 650 4316 serio,
668 4259 725 4304 et
743 4253 923 4313 sedulo
940 4269 1225 4320 capessam.
1244 4256 1396 4306 Idem.
1431 4257 1563 4307 Cum

494 4328 622 4393 illud
637 4329 748 4396 jam
770 4330 932 4401 venit,
956 4331 1029 4384 ibi
1064 4345 1242 4405 rursus
1259 4332 1401 4397 idern
1422 4333 1562 4399 quod

1178 401 1397 453 noras
1448 378 1856 452 vamoam‘w
1902 400 1984 450 ιη

1579 599 1584 603 ,
1623 561 1679 598 se
1709 546 1871 598 hodie
1892 545 2151 598 facturum
2192 546 2559 613 pollicebatur,
2580 562 2693 598 cras

1619 625 2068 689 fiet.-Qaid‚t3·c.]
2091 624 2231 679 Quid
2252 628 2271 675 ?
2305 626 2547 676 nimirum
2563 625 2694 677 adeo

1619 717 1701 751 me
1727 715 1881 766 urges
1904 702 1922 749 ?
1958 702 2122 753 Quasi
2144 716 2382 764 magnum
2408 708 2463 752 et
2482 701 2694 751 immen-

1618 792 1733 828 sum
1772 777 1979 842 aliquod
2022 778 2271 841 temporis
2309 779 2561 842 spacium,
2584 784 2694 826 ate

1620 855 1830 919 petam?
1863 854 2069 919 Nempe
2098 856 2306 904 unicum
2333 861 2530 904 tantum
2556 853 2693 902 diem

1621 931 2042 993 donam—Quasi,
2076 934 2181 997 ξω]
2234 934 2318 983 Sic
2344 935 2569 997 juvenes
2607 931 2695 981 ad-

1620 1011 1823 1073 moniti,
1852 1019 1912 1061 ut
1950 1012 2078 1062 vitia
2110 1014 2393 1076 corrigant,
2415 1011 2692 1076 studiaque

1622 1087 1832 1158 virtutis
1850 1095 1907 1138 et
1923 1088 2213 1138 litterarum
2233 1089 2539 1153 suscipiant,
2558 1087 2695 1137 diem

1622 1179 1686 1215 ex
1716 1164 1801 1214 die
1826 1164 2062 1226 ducunt3
2115 1180 2232 1215 nam
2268 1166 2390 1230 quia
2425 1164 2540 1214 dies
2568 1178 2700 1213 nnus

1622 1243 1747 1292 vitae
1784 1243 1866 1292 vel
1888 1243 2105 1293 modicae
2140 1258 2259 1308 pars
2283 1242 2577 1295 multesima
2597 1247 2702 1304 est,

1619 1320 1740 1371 ideo
1770 1321 2033 1385 jacturam
2073 1322 2224 1372 unius
2269 1321 2375 1372 diei
2415 1335 2509 1384 pro
2540 1319 2700 1369 nihilo

1622 1399 1879 1463 pendunt.
1916 1400 2119 1450 Cmub.

1686 1480 1751 1526 67
1776 1475 1872 1527 Sed
1886 1492 1989 1526 cam
2003 1478 2110 1542 lux]
2125 1476 2429 1539 Respondet
2446 1475 2663 1526 Persius
2677 1491 2695 1536 3

1626 1551 1757 1602 Cum
1772 1553 1880 1617 jam
1905 1568 1971 1602 ex
2007 1554 2096 1603 illo
2135 1569 2250 1602 cras
2290 1554 2441 1602 hodie
2483 1551 2703 1616 factum,

1626 1636 1683 1678 et
1707 1629 1796 1677 lux
1830 1630 1920 1679 illa
1944 1630 2130 1691 altera,
2169 1645 2274 1695 qua
2297 1637 2349 1678 te
2375 1629 2705 1693 incepturum

1626 1706 1988 1769 promittebas,
2021 1708 2185 1770 venit,
2219 1714 2276 1757 tu
2308 1707 2535 1756 nondum
2573 1705 2704 1755 inci-

1626 1780 1729 1845 pis,
1749 1789 1803 1829 et
1827 1782 1967 1831 aliud
1994 1789 2153 1848 atque
2178 1782 2308 1832 illud
2333 1797 2445 1832 cras
2468 1781 2563 1831 tibi
2586 1796 2703 1846 pos·

1633 1859 1789 1912 tulas.
1823 1858 1999 1909 Lubin.

1693 1939 1757 1985 68
1795 1936 2056 1999 Cras,&c·]
2093 1937 2222 1986 Cras
2248 1936 2384 1986 enim
2403 1951 2520 1986 cum
2536 1942 2704 1986 trans-

1628 2015 1691 2078 it,
1722 2016 1835 2080 jam
1874 2018 1985 2066 heri
2010 2032 2124 2067 esse
2154 2018 2575 2082 incipit.—Ecce,
2595 2015 2705 2080 lfa]

1629 2092 1707 2142 Ut
1729 2107 1842 2142 cras
1863 2094 2282 2163 illudnunquam
2308 2095 2403 2143 tibi
2421 2094 2573 2144 hodie
2596 2093 2708 2142 fiat.

1626 2169 1714 2224 Sic
1742 2171 1967 2221 crastina
1989 2171 2099 2225 dies
2118 2170 2273 2220 finem
2296 2173 2493 2223 nullum
2509 2171 2686 2223 habet.

1693 2251 1758 2296 69
1792 2247 1994 2311 Egerit]
2031 2249 2240 2310 Egerere
2256 2248 2339 2297 hic
2357 2256 2436 2297 est
2454 2248 2518 2296 de
2543 2247 2705 2301 totius

1629 2323 1752 2377 vitae
1789 2339 1988 2374 summa
2020 2326 2272 2388 paulatim
2301 2325 2610 2375 absumere:
2643 2331 2706 2375 ut

1630 2402 1720 2467 qui
1756 2402 1967 2452 condita
2000 2403 2051 2450 in
2086 2417 2227 2466 penu
2261 2417 2357 2466 per
2381 2408 2558 2464 partes
2582 2415 2703 2465 pro-

1629 2486 1795 2531 munt.
1868 2478 2210 2536 Casaub‚——-Et
2252 2478 2458 2542 semper]
2511 2479 2706 2528 Sensus

1631 2562 1749 2605 est:
1804 2556 1873 2605 Et
1911 2556 1985 2605 sic
2023 2570 2119 2621 per
2151 2558 2249 2609 hoc
2289 2571 2425 2619 cras,
2464 2557 2698 2620 paullum

1633 2637 1740 2681 tuae
1765 2630 1911 2693 vitae,
1928 2647 1990 2682 ac
2023 2633 2196 2682 aetatis
2219 2633 2378 2695 ultra,
2400 2635 2707 2697 praeterlap-

1633 2723 1745 2757 sum
1784 2715 1837 2756 et
1882 2709 2207 2772 praeteritum
2245 2710 2369 2771 erit,
2408 2710 2549 2775 quod
2584 2724 2711 2759 nun-

1633 2799 1786 2848 quam
1826 2799 2002 2834 rursus
2043 2784 2259 2850 adsequi
2298 2786 2484 2850 possis.
2530 2785 2712 2836 Lubin.

1633 2863 1753 2926 Vel,
1791 2862 2055 2913 Paulatim
2087 2878 2296 2928 semper
2335 2865 2437 2914 erit
2466 2863 2561 2913 tibi
2584 2870 2713 2914 aetas

1636 2939 1898 3003 grandior,
1930 2946 1987 2990 et
2013 2940 2229 3006 propius
2254 2932 2322 2990 ad
2343 2947 2536 2996 metam
2559 2955 2711 2993 acce-

1636 3017 1745 3072 des.
1788 3017 1993 3071 casaub.
2649 3050 2656 3056 ·

1699 3100 1765 3145 ⁷0
1798 3098 1948 3159 Nam,
1973 3095 2081 3163 ξω]
2130 3096 2317 3146 Sensus
2356 3102 2464 3148 est:
2502 3099 2632 3149 Cras
2655 3098 2713 3148 il-

1633 3175 1723 3225 lud
1762 3175 1940 3240 paullo
1976 3181 2098 3224 ante
2131 3175 2275 3239 prius
2309 3175 2393 3225 vel
2429 3177 2570 3226 ultra
2590 3176 2717 3241 erit,

1635 3260 1692 3304 et
1730 3253 1828 3305 tibi
1860 3268 2120 3318 nunquam
2162 3254 2485 3318 apprehendi
2521 3261 2715 3319 potest.

1639 3333 1761 3383 Non
1804 3330 1967 3395 magis
2006 3345 2159 3396 quam
2219 3338 2334 3380 rota
2372 3331 2426 3380 in
2470 3332 2715 3383 curribus

1637 3406 1913 3471 posterior,
1951 3407 2179 3471 priorem
2234 3408 2465 3472 quamvis
2508 3408 2713 3458 assidue

1638 3484 1892 3549 sequitur,
1912 3498 2174 3549 nunquam
2207 3490 2380 3536 tamen
2403 3486 2712 3552 assequitur.

1638 3562 1848 3612 Quanto
1867 3563 2003 3611 enim
2026 3562 2284 3627 posterior
2305 3562 2469 3626 magis
2492 3577 2710 3627 progre-

1638 3638 1800 3703 ditur,
1839 3639 1940 3689 hoc
1984 3639 2129 3704 prior
2168 3637 2330 3702 magis
2369 3638 2713 3703 praecedit.-·

1643 3717 1839 3766 Temone
1856 3716 1941 3766 sub
1954 3715 2067 3779 uno]
2092 3715 2308 3781 Lignum
2334 3722 2416 3766 est
2440 3731 2622 3766 currus
2644 3716 2716 3766 in-

1638 3800 1722 3844 ter
1757 3809 1918 3860 equos
1945 3793 2336 3858 intermedium,
2362 3793 2552 3858 jugum
2595 3809 2715 3844 con-

1640 3872 1827 3922 tinens.
1891 3873 2066 3923 Lubias.

1702 3953 1765 3999 71
1806 3948 2065 4012 Canthum]
2097 3949 2333 4012 Ferrum,
2350 3962 2451 4012 quo
2475 3955 2607 3999 rotae
2629 3963 2718 3999 ex·

1636 4025 1931 4075 tremitates
1950 4024 2264 4086 vinciuntur,
2294 4029 2351 4073 et
2381 4023 2588 4089 apsides
2608 4040 2717 4077 mu-

1639 4102 1868 4156 niuntur.
1920 4103 2071 4154 Idm.
2243 4152 2247 4157 .

1703 4184 1767 4229 ⁷3
1791 4179 2056 4243 Libertate,
2068 4179 2175 4244 ξω]
2208 4179 2441 4243 Iudicat,
2465 4176 2714 4244 quidnam

1641 4255 2077 4324 Philosophorum
2115 4263 2294 4308 votum
2322 4263 2378 4305 et
2414 4255 2545 4306 illud
2586 4255 2716 4307 adeo

1638 4333 1727 4399 sit,
1745 4333 1883 4400 quod
1900 4333 2181 4403 Sapientiae
2206 4331 2380 4387 studio
2406 4328 2683 4387 affectem
2698 4346 2717 4384 ε
