3084 4934
1242 382 1548 457 βημα-
1572 385 1708 449 m.-
1765 452 1772 461 ι
1801 416 1814 447 ‚·
2486 369 2584 437 21

424 532 475 603 J
480 554 602 599 am
627 533 815 610 liber,
832 535 915 597 ‘et
938 529 1193 597 bicolor
1217 530 1459 616 positis
1500 531 1881 599 membrana
1904 531 2190 617 capillis,
2230 618 2238 625 ἢ

343 635 579 720 Inque
604 654 839 701 manus
869 634 1118 700 chartae
1147 634 1535 721 nodosaque
1565 636 1747 701 venit
1773 634 2048 723 arundo.

338 737 550 803 Tunc
585 739 897 821 queritur,
927 755 1192 803 crassus
1222 738 1480 802 calamo
1509 736 1691 822 quod
1721 737 2007 822 pendeat
2031 738 2263 803 humor
2283 728 2314 821 ς’

335 838 570 923 Nigra
601 839 784 924 quod
800 838 1024 909 infusa
1050 846 1366 907 vanescat
1393 842 1585 926 sepia
1612 842 1920 926 lympha3

335 942 625 1017 Dilutas
655 943 947 1027 queritur
975 945 1262 1025 geminet
1290 942 1468 1028 quod
1497 939 1722 1009 fi'stula
1749 951 1994 1028 guttas,

434 1045 511 1109 Ο
538 1046 759 1124 miser,
788 1046 985 1129 inque
1015 1045 1160 1109 dies
1185 1047 1359 1110 ultra
1385 1046 1620 1112 miser!
1666 1047 1944 1112 huccine
1973 1066 2189 1111 rerum
2468 1048 2557 1115 15

330 1234 382 1282 et
399 1245 750 1295 pergamenum
781 1232 962 1295 duplici
994 1233 1160 1295 colore,
1189 1232 1304 1296 pilis
1323 1232 1565 1299 depositis,
1587 1238 1633 1282 et
1648 1248 1874 1298 papyrus,
1914 1237 1962 1282 et
1991 1233 2195 1282 calamus
2227 1232 2370 1281 nodos
2390 1228 2564 1282 habens

333 1297 567 1346 munibus
601 1299 888 1346 inseruntur.
960 1297 1078 1346 Tum
1114 1298 1413 1361 conqueritur
1446 1301 1569 1364 quod
1607 1299 1786 1362 spissus
1819 1300 1972 1363 liquor
1992 1298 2171 1346 hoereat
2190 1297 2244 1347 in
2260 1311 2444 1360 penna:
2476 1297 2565 1347 de-

338 1359 490 1422 inde,
513 1363 638 1425 quod
654 1367 760 1411 ater
779 1361 921 1425 sepiae
949 1363 1133 1411 humor
1164 1378 1310 1413 eunus
1325 1364 1446 1429 fiat,
1478 1379 1601 1427 aqua
1632 1364 1894 1414 instillata.-
1926 1369 2111 1427 postea
2129 1363 2427 1427 conquerim-
2441 1363 2586 1427 quo&

338 1427 560 1476 calamus
578 1427 784 1491 duplicet
803 1428 962 1476 stillas
974 1427 1199 1491 liquidas.
1269 1431 1315 1478 Ο
1334 1429 1544 1490 infelix!
1576 1440 1624 1479 ec
1644 1429 1811 1479 indies
1839 1428 2047 1479 futurus
2086 1429 2241 1490 magis
2272 1426 2466 1493 infelix,
2498 1443 2562 1478 an

1274 1559 1332 1579 θ’
1336 1559 1450 1580 ‘90‘
1454 1559 1630 1580 Ome&

331 1635 608 1687 casaubon.
652 1638 849 1702 findor,
889 1644 944 1689 ut
961 1639 1218 1690 Archadia·
1262 1642 1456 1692 C.—1o
1488 1643 1661 1707 positis
1693 1642 1867 1691 bicolor
1898 1640 2004 1690 ΜΒ.
2027 1641 2093 1690 R.
2128 1645 2184 1689 et
2226 1639 2330 1690 Ms.
2369 1637 2557 1690 Gal.-

328 1705 397 1755 12
434 1702 585 1753 Nunc
624 1706 835 1766 queritur
870 1706 973 1755 Ms.
1014 1706 1076 1754 R.
1131 1707 1368 1770 querimur
1408 1709 1603 1759 0.--13
1641 1707 2115 1771 mgnufice-14
2147 1706 2385 1770 querimur
2406 1704 2555 1757 Edit.

1342 1835 1557 1887 No'rAE

356 1942 363 1947 ’
397 1947 464 1993 10
501 1943 672 2008 Liber]
738 1945 963 2010 Proprie
1022 1952 1102 1996 est
1166 1944 1429 1998 arborum=
1491 1949 1636 2000 bant.
1724 1949 1935 2000 Persius
1989 1947 2203 1999 variatis
2248 1947 2557 2014 nominibus,

329 2020 544 2084 cortex,
568 2023 623 2073 in
662 2035 764 2086 quo
786 2022 942 2072 scribi
965 2023 1168 2075 solebat
1189 2032 1310 2076 ante
1332 2025 1408 2074 in·
1487 2027 1783 2090 arundinem,
1797 2026 2286 2093 calamumfflstulam,
2307 2031 2477 2076 vocat.

328 2107 553 2167 ventum
579 2100 771 2149 chartae
798 2115 960 2161 usum.
996 2102 1132 2152 Vide
1155 2102 1311 2154 infra.
1557 2107 1619 2153 12
1654 2103 1889 2167 Pendeat]
1919 2103 2039 2152 Non
2060 2101 2188 2152 fluat
2210 2109 2554 2153 atramentum

2481 529 2770 595 1022

393 2178 625 2242 Bicolor]
705 2179 840 2230 Quia
881 2182 1180 2232 membrana
1224 2198 1408 2234 crocea

328 2262 446 2306 erat
472 2271 538 2305 ea
560 2262 712 2321 parte
750 2272 865 2322 qna¹
887 2258 1018 2321 pilos
1044 2259 1218 2322 babet,
1241 2261 1409 2311 altera

324 2345 454 2383 vero
501 2348 604 2398 qna
626 2333 860 2383 adhaeret
882 2335 1084 2400 visceri,
1106 2336 1404 2388 candidior:

326 2404 353 2435 ‘’
365 2408 588 2473 bicolor,
615 2409 750 2475 quod
777 2426 894 2475 pars
933 2427 1135 2477 crocea,
1155 2430 1276 2479 pars
1299 2416 1409 2480 glu-

326 2483 501 2537 tinata
523 2487 663 2550 apud
689 2490 931 2553 antiquos
973 2491 1123 2555 erat,’
1161 2493 1233 2543 ait
1258 2499 1409 2547 vetus

326 2562 618 2629 Interpres.
671 2568 845 2617 Variis
871 2569 1025 2619 etiam
1052 2571 1311 2621 coloribus
1335 2573 1409 2621 in-

323 2634 642 2694 ficiebantur
664 2646 999 2710 membranae,
1032 2644 1274 2713 inquiunt
1304 2650 1406 2701 alii.

327 2708 436 2770 Sed
481 2723 767 2772 cavendum
803 2738 869 2772 ne
904 2724 1228 2775 confundant
1260 2741 1408 2791 oper-

327 2799 502 2864 culum
552 2794 671 2848 libri
715 2816 832 2850 cum
877 2801 1176 2853 membrana
1208 2803 1261 2852 in
1302 2819 1405 2870 qua

324 2876 670 2937 scribebatur,
692 2885 754 2926 ut-
771 2886 946 2927 monet
972 2879 1322 2930 Casaubonus.

391 2953 576 3003 Positis
595 2954 865 3004 membrana
894 2955 1099 3018 cupillis]
1157 2957 1276 3006 Non
1312 2957 1401 3005 de-

327 3035 453 3080 sunt
507 3031 594 3095 qui
637 3031 1044 3096 interpretentur
1088 3032 1153 3081 de
1199 3033 1400 3096 capillis

328 3103 676 3156 adolescentis
708 3107 855 3158 istius
892 3109 1037 3172 pexis
1068 3115 1123 3159 et
1168 3110 1354 3160 comtis
1381 3127 1395 3160 ε

327 3181 427 3249 ξεᾶ,
446 3181 779 3248 refragantur
801 3186 1007 3250 plurimi
1047 3186 1183 3252 iique
1208 3186 1401 3236 doctis·

325 3256 461 3322 simi,
481 3268 534 3309 et
553 3260 854 3326 intelligunt
868 3262 934 3312 de
949 3262 1065 3326 pilis
1085 3262 1398 3313 membranae

326 3334 520 3387 abrasis
559 3339 783 3402 pumice,
816 3349 976 3405 atque
1000 3341 1130 3392 adeo
1153 3341 1401 3407 depositis

325 3418 380 3462 et
436 3414 644 3483 demtis.
714 3418 872 3466 Certe
919 3425 1095 3468 textus
1134 3420 1247 3484 ipse
1286 3435 1399 3471 sen·-

328 3503 437 3539 sum
461 3492 597 3541 bunc
622 3492 854 3557 adjuvat.

391 3572 451 3616 11
492 3568 709 3634 Chortoe]
743 3571 1006 3634 Repertus
1049 3574 1243 3627 charta
1278 3575 1399 3625 usus‘

329 3633 422 3691 snb
446 3641 768 3707 Alexandro,
810 3654 946 3697 teste
982 3649 1236 3700 Varrone.
1288 3648 1396 3700 An·

328 3724 413 3770 tea
432 3721 734 3773 scribebant
757 3724 810 3772 in
828 3722 962 3774 foliis
987 3726 1228 3777 arborum
1264 3735 1318 3776 et
1340 3728 1394 3777 in

326 3798 638 3868 corticibus:
694 3800 882 3851 deinde
936 3803 986 3851 iu
1046 3804 1236 3854 chartis
1276 3820 1394 3869 quae

330 3870 527 3924 fiebant
548 3890 577 3924 e
603 3876 738 3925 foliis
774 3878 961 3942 papyri
996 3878 1191 3928 arboris
1232 3880 1283 3929 iu
1310 3881 1394 3929 ΙΕ-

326 3959 488 4016 gypto
523 3954 822 4005 crescentis.
889 3957 1116 4010 Demum
1158 3957 1255 4007 sub
1291 3959 1394 4007 Eu-

324 4043 474 4089 mene
516 4028 665 4095 Rege
712 4030 938 4082 inventae
983 4043 1105 4084 sunt
1147 4034 1393 4099 Pergami

325 4109 657 4172 membranae,
703 4126 820 4176 quae
881 4111 1002 4163 inde
1053 4113 1392 4178 Pergamenae

330 4180 484 4243 dicta
503 4192 640 4237 sunt.

342 4296 347 4301 .
385 4250 613 4327 Arunda]
647 4263 870 4318 Veteres
894 4267 1167 4357 'arundine
1209 4271 1393 4340 pinge-

1488 2194 1519 2229 e
1541 2180 1758 2243 calamo,
1778 2186 1834 2230 et
1870 2180 2013 2245 quasi
2049 2179 2329 2243 pendulum
2349 2180 2551 2231 haereat

1489 2257 1558 2308 ob
1579 2258 1788 2307 nimiam
1807 2257 2106 2306 crassitiem.
2153 2305 2157 2309 .

1554 2340 1617 2385 13
1654 2337 1816 2398 Nigra
1854 2335 1991 2399 quod,
2027 2335 2131 2399 ὅπη]
2168 2334 2330 2383 Modo
2372 2347 2554 2400 quere·

1491 2413 1645 2462 batur
1682 2413 1820 2478 quod
1856 2418 2199 2462 atramentum
2237 2409 2386 2460 nimis
2423 2411 2551 2475 spis·

1487 2505 1598 2539 sum
1626 2498 1786 2553 esset,
1817 2489 1932 2555 jam
1957 2488 2086 2538 dicit
2107 2488 2317 2537 dilutius
2340 2502 2473 2551 esse,
2496 2492 2553 2538 et

1488 2566 1800 2630 scripturam
1842 2576 1944 2615 non
1985 2578 2255 2630 apparere,
2280 2571 2373 2615 aut
2402 2576 2550 2617 suum

1488 2643 1661 2708 potins
1682 2658 1783 2693 non
1807 2644 1996 2694 habere
2018 2644 2261 2693 colorem.
2538 2644 2548 2650 '

1553 2721 1720 2784 Sepia]
1755 2721 2094 2785 Metonymia‚
2129 2735 2245 2784 pro,
2265 2720 2424 2784 sepiae
2450 2719 2550 2784 pis-

1486 2798 1564 2848 cis
1582 2799 1794 2848 humore
1829 2805 1960 2860 atro,
1985 2797 2072 2862 qui
2102 2803 2392 2846 atramento
2414 2795 2551 2846 simi-

1482 2874 1577 2924 lis:
1613 2889 1765 2939 quem
1789 2874 1942 2924 etiam
1965 2888 2061 2937 pro
2079 2878 2368 2922 atramento
2388 2871 2549 2922 fuisse

1482 2951 1621 3015 apud
1644 2949 1821 3011 Afros,
1841 2952 1918 3000 ait
1942 2957 2090 2999 vetus
2110 2949 2395 3013 Inter-pres.
2458 2951 2547 2999 De

1482 3028 1641 3090 sepiae
1667 3035 1855 3076 natura
1877 3033 1932 3077 et
1961 3027 2234 3090 industria,
2267 3026 2388 3076 vide
2409 3026 2551 3088 Plin-

1479 3117 1561 3153 rx.
1584 3108 1664 3152 29.
1690 3112 1742 3152 et
1764 3115 1946 3153 xxxu.
1972 3109 2050 3153 10.
2073 3104 2125 3153 in
2151 3104 2268 3152 tine.
2335 3110 2340 3115 '

1546 3183 1608 3228 14
1642 3179 1842 3229 Diluta-3
1862 3178 2096 3243 queritur]
2128 3178 2295 3229 Addit
2317 3186 2373 3229 et
2389 3194 2547 3246 prop-

1481 3262 1565 3306 ter
1582 3254 1794 3305 affusam
1813 3271 1997 3321 aquam
2021 3256 2150 3306 adeo
2170 3256 2420 3322 liquidum
2442 3257 2548 3308 fac·

1482 3341 1593 3384 tum
1632 3350 1745 3386 esse
1786 3343 2149 3399 atramentum,
2184 3342 2243 3386 ut
2286 3351 2546 3402 papyrum
2596 3340 2604 3348 ’

1480 3415 1727 3477 maculet,
1770 3415 1976 3464 uberius
2011 3413 2225 3464 effluens
2260 3429 2411 3478 quam
2448 3428 2550 3479 par

1476 3493 1561 3542 sit.

1544 3558 1607 3622 15
1644 3573 1690 3620 0
1711 3572 1877 3637 miser]
1909 3570 2014 3624 Qui
2052 3577 2135 3621 tot
2170 3576 2226 3620 et
2258 3576 2365 3620 tam
2388 3582 2544 3620 vanas

1476 3649 1702 3714 pigritiae
1718 3649 2075 3698 excusationes
2091 3647 2545 3713 praetendit,quam

1475 3727 1630 3775 miser
1652 3728 1756 3774 esti

1542 3803 1760 3852 Haecine
1810 3816 1966 3850 rerum
2009 3799 2258 3863 venimus]
2322 3798 2550 3849 Adeone

1475 3878 1578 3927 vile
1616 3883 1698 3927 est
1734 3877 2006 3941 sapientiae
2048 3876 2291 3938 studium,
2335 3881 2393 3925 nt
2433 3883 2542 3925 tam

1473 3956 1614 4005 lente
1649 3963 1703 4004 et
1741 3955 2025 4004 oscitanter
2061 3954 2337 4018 captetur?
2370 3953 2541 4003 Porro

1474 4031 1719 4081 observat
1760 4031 2097 4081 Casaubonus
2131 4034 2354 4096 juvenes
2411 4044 2566 4096 quos-

1474 4111 1560 4164 hic
1597 4109 1863 4185 redarguii
1910 4109 2157 4183 magister
2192 4110 2295 4173 ille,
2321 4122 2426 4158 non
2463 4106 2543 4157 fu-

1909 4148 1991 4170 .....

1472 4174 1575 4243 fsse
1610 4207 1672 4244 ea
1711 4204 1887 4261 aetate,
1909 4208 1967 4247 ut
1992 4199 2092 4248 ista
2126 4186 2348 4264 puerili:
2368 4199 2545 4265 29¹¹?ss-

1432 4290 1439 4293 >
1473 4272 1794 4347 rentur,2sed
1816 4275 1943 4345 alias
1965 4276 2145 4327 solitos
2172 4273 2363 4328 afferre
2396 4276 2540 4344 igna-
