3084 4934
521 397 527 402 ’
553 385 643 465 48

1328 399 1402 448 A.
1450 398 1701 459 mansu
1742 397 2022 455 irascor
2056 430 2061 435 .

553 545 770 614 Omne
798 543 984 612 vafer
1011 542 1252 611 vitium
1280 541 1520 611 ridenti
1550 542 1844 613 Flaccus
1867 544 2086 613 amieo

554 651 827 735 Tangit,
859 655 926 715 et
956 648 1291 717 admissus
1318 648 1568 715 circum
1596 646 1974 731 praecordia
1995 646 2190 726 ludit,

554 751 857 818 Callidus
886 770 1174 817 excusso
1204 751 1528 834 populum
1555 748 1957 834 suspendere
1983 768 2176 813 naso.

556 854 740 922 Men’
768 854 1008 921 mutire
1034 854 1246 931 nefas,
1276 873 1401 919 nec
1429 854 1624 932 clam,
1653 871 1774 916 nec
1799 870 1953 916 cum
1977 852 2210 917 scrobe
2227 853 2276 914 7·
2332 849 2766 937 ‘Nusquam'

553 1058 686 1123 rupit
716 1059 903 1108 dentem
939 1057 1176 1107 intimum.
1245 1056 1485 1106 Horatius
1519 1057 1664 1105 solers
1702 1054 1903 1120 pariter
1939 1054 2095 1119 carpit
2127 1054 2377 1118 quemlibet
2399 1069 2606 1103 errorem
2626 1052 2766 1116 apud

543 1123 842 1185 suntiliurem
876 1124 1168 1173 deridentem
1179 1137 1197 1179 ,·
1231 1126 1278 1171 et
1300 1126 1519 1187 exceptus
1539 1121 1668 1171 circa
1687 1137 1786 1197 eor,
1808 1121 2015 1184 colludit,
2044 1121 2228 1197 peritus
2247 1119 2539 1196 subsannare
2547 1120 2777 1183 populata
2795 1124 2808 1131 ”

553 1188 748 1238 wihus
780 1187 1029 1239 succussis.
1086 1187 1175 1259 ‚³1²⁸
1211 1186 1330 1236 naim
1362 1201 1455 1236 non
1488 1187 1650 1237 licebit
1683 1188 1879 1252 hiscere,
1898 1201 1957 1235 ne
1979 1187 2164 1250 qudem
2183 1189 2377 1250 secreto,
2400 1186 2645 1248 nequidem
2668 1198 2770 1235 cum

1557 1375 1770 1429 NOTAE

554 1517 732 1569 binum
783 1516 1106 1584 Municipem
1156 1519 1337 1582 Ponti,
1390 1524 1628 1571 tutamen

555 1594 948 1660 centurionum,
968 1595 1342 1647 Praeclarorum
1365 1598 1628 1649 hominum

558 1686 620 1722 ac
645 1673 950 1736 primorum,
972 1672 1390 1740 Signiferumque
1414 1675 1630 1726 Maluis-

555 1749 599 1799 ti
622 1747 756 1799 dici:
810 1748 999 1799 Graece
1031 1764 1156 1814 ergo
1177 1751 1384 1802 Praetor
1408 1751 1628 1802 Athenis

557 1819 624 1876 Id
661 1824 800 1890 quod
835 1825 1083 1889 maluisti,
1116 1832 1191 1890 te,
1212 1842 1332 1879 cum
1353 1828 1420 1877 ad
1441 1843 1524 1877 me
1546 1843 1629 1878 ac-

556 1903 719 1967 cedis,
759 1905 945 1954 saluto.
1010 1906 1174 1969 Χαΐρε,
1210 1905 1439 1970 inquam,
1476 1905 1630 1955 Tite:

557 1981 811 2045 Lictores,
824 1986 990 2030 turma
1006 1981 1188 2044 omnis,
1203 1982 1504 2047 cohorsque,
1515 1981 1630 2031 xat-

555 2074 691 2122 pere:
737 2057 860 2107 hinc
892 2057 1055 2108 hostis
1093 2058 1165 2108 mi
1208 2057 1476 2124 Albutius,
1506 2059 1628 2109 hinc

555 2135 830 2189 inimicus?
893 2139 965 2188 Et
984 2138 1139 2201 paulo
1161 2144 1310 2201 post:
1346 2139 1362 2166 ‘
1380 2138 1631 2202 Tubulus,

557 2213 601 2264 si
624 2213 816 2263 Lucius
840 2213 1069 2279 inquam,
1093 2213 1146 2263 Si
1170 2215 1369 2279 Lupus,
1393 2223 1483 2265 aut
1506 2216 1630 2266 Car-

556 2289 625 2340 bo
652 2295 745 2339 aut
778 2290 1016 2353 Neptuni
1050 2290 1222 2341 filius!

567 2370 575 2384 ¹
627 2365 919 2430 Geminum]
985 2367 1212 2418 Genuini
1229 2375 1482 2419 vocantur
1505 2367 1630 2417 den-

559 2439 689 2513 tium
726 2443 989 2505 postremi,
1027 2442 1288 2509 iidemque
1313 2443 1631 2495 validissimi.

558 2516 697 2568 Pliu.
731 2532 795 2567 11.
829 2522 910 2568 3⁷.
956 2520 1162 2584 Festus,
1197 2522 1233 2570 l.
1272 2536 1371 2574 v11.
1401 2523 1515 2572 vult
1554 2521 1631 2572 ita

560 2592 748 2658 dictoS,
773 2596 911 2659 quod
937 2612 969 2647 a
991 2596 1137 2662 genis
1161 2597 1510 2661 dependeant.

625 2671 822 2735 Fregit]
893 2672 1050 2723 Suam
1073 2689 1276 2724 omnem
1298 2675 1634 2725 dicacitatem

560 2750 841 2800 consumsit
864 2751 1141 2813 carpendis
1166 2765 1341 2801 eorum
1362 2751 1517 2802 vitiis.

626 2826 724 2874 116
758 2825 983 2890 Ridenti]
1052 2827 1173 2877 Non
1207 2826 1519 2892 indignanti,
1549 2827 1633 2877 vel

560 2901 717 2955 etiam
740 2902 962 2952 libenter
995 2903 1247 2964 audienti,
1282 2905 1404 2969 quia
1442 2904 1630 2953 callide

560 2985 619 3030 et
640 2979 827 3030 festive
848 2982 1121 3031 mordebat
1145 2982 1412 3034 HoratiuS.

624 3055 817 3119 Amico]
878 3058 979 3106 Vel
1015 3060 1322 3124 cuicumque
1359 3073 1451 3107 suo
1484 3058 1632 3108 fami-

557 3133 693 3198 liari,
728 3134 809 3183 vel
843 3134 943 3198 ipsi
978 3136 1279 3198 Maecenati,
1309 3137 1393 3186 cui
1419 3151 1517 3187 nec
1542 3152 1632 3200 pe-

559 3211 790 3277 percisse
824 3211 1009 3262 fertur.
1080 3212 1236 3262 Certe
1260 3214 1403 3281 ill-um
1427 3214 1635 3263 videtne

558 3288 926 3353 perstrinxisse
987 3290 1096 3339 Sat.
1154 3304 1193 3338 1.
1259 3295 1307 3339 3.
1372 3289 1460 3339 ubi
1526 3290 1631 3340 ait:

560 3366 579 3394 ‘
597 3365 893 3429 Simplicior
916 3366 959 3414 si
985 3366 1116 3431 quiS,
1149 3367 1355 3431 qualem
1390 3381 1468 3415 me
1491 3380 1634 3430 saepe

561 3453 793 3505 libenter
814 3452 1114 3503 obtulerim
1134 3450 1248 3518 t'ibi,
1269 3455 1555 3517 Maecenas,
1577 3460 1637 3503 ut

552 3530 697 3581 *forte
721 3531 979 3594 legentem
1014 3530 1122 3580 Ant
1156 3533 1370 3581 tacitum
1402 3531 1637 3594 impellat

561 3607 743 3679 quovis
768 3623 1021 3670 sermone,
1044 3610 1323 3670 molestus3
1364 3609 1658 3658 Communi.

562 3701 719 3735 sensu
764 3687 918 3750 plane
961 3694 1126 3751 caret,
1162 3688 1448 3753 inquimus;
1501 3687 1635 3737 eheu

532 3755 733 3815 'Quam
758 3770 952 3812 temere
977 3766 1029 3814 in
1053 3772 1256 3815 nosmet
1278 3766 1447 3828 legem
1470 3766 1634 3815 sanci-

561 3848 676 3891 mus
716 3839 969 3905 iniquam!
1025 3841 1162 3890 Nam
1186 3841 1323 3890 vitiis
1344 3856 1497 3890 nemo
1520 3842 1634 3893 sine

559 3916 823 3975 nascitur:
861 3916 1086 3980 optimus
1117 3916 1205 3966 ille
1241 3925 1322 3967 est
1359 3917 1464 3970 Qui
1486 3918 1631 3967 mini·

560 3992 659 4054 mis
684 3993 934 4055 urgetur!
998 3992 1249 4044 Attamen
1271 4010 1386 4045 cum
1418 3996 1634 4046 Persius

561 4067 705 4121 dicat
740 4082 889 4117 omne
927 4070 1105 4120 vitium
1130 4073 1274 4136 tangi
1296 4073 1360 4122 ab
1384 4074 1632 4136 Horatio,

562 4151 617 4195 et
641 4145 793 4208 paulo
817 4153 954 4209 post,
994 4148 1241 4213 populum
1265 4165 1483 4201 excusso
1506 4166 1634 4201 naso

564 4221 839 4286 suspendi:
914 4225 1089 4273 malim
1138 4225 1476 4295 interpretari
1526 4227 1631 4276 sic:

564 4315 716 4351 omne
754 4300 1124 4370 cujuscumque
1163 4303 1346 4354 vitium
1383 4303 1635 4355 Horatius

1706 1519 1851 1570 vafer
1873 1520 2040 1584 tangit
2061 1525 2120 1570 et
2141 1519 2361 1571 solerter
2378 1515 2607 1579 coarguit
2632 1514 2780 1580 apud

1708 1597 1929 1647 amicum
1967 1596 2240 1659 ridentem,
2278 1609 2396 1645 eum
2434 1594 2626 1645 satiras
2656 1608 2778 1647 suas

1708 1681 1815 1724 tam
1838 1673 2043 1725 festivas
2066 1674 2116 1723 ei
2140 1673 2343 1736 recitat.

1775 1756 1869 1802 117
1915 1753 1987 1801 Et
2015 1752 2251 1801 admissus
2283 1750 2460 1800 circum
2491 1748 2778 1814 praecidio,

1708 1832 1815 1896 ξω]
1860 1829 1944 1881 Ab
1964 1828 2142 1880 amicis
2166 1829 2300 1879 bene
2323 1834 2580 1892 exceptus
2602 1829 2780 1892 pergit.

1709 1923 1772 1958 eo
1807 1908 2053 1958 libentius
2088 1906 2317 1959 scribere
2347 1912 2403 1956 et
2425 1905 2653 1957 recitare
2682 1905 2778 1959 Sa-

1710 1987 1855 2037 tiras.
1922 1986 2027 2036 Hic
2042 1985 2274 2035 nonnulli
2292 1982 2583 2033 subtiliores
2599 1996 2780 2040 seusus

1710 2065 1982 2126 rimantur,
2018 2070 2073 2112 et
2108 2062 2296 2112 PersIo
2319 2060 2615 2111 attribuunt
2637 2059 2782 2126 quod
2879 2076 2886 2083 ·

1709 2158 1967 2211 nunqnam
1990 2141 2262 2206 cogitavit:
2299 2140 2538 2190 nimirum
2561 2139 2657 2202 illi,
2703 2140 2778 2190 le·-

1711 2221 1857 2273 viora
1894 2221 2115 2286 primum
2150 2220 2279 2271 vitis
2314 2218 2486 2283 carpit
2518 2218 2779 2269 Maecena·

1712 2299 1777 2350 tis
1805 2298 2073 2360 Horatius,
2093 2297 2352 2362 inquiunt,
2369 2304 2425 2345 et
2448 2311 2570 2347 cum
2588 2310 2645 2346 se
2667 2296 2782 2361 pla·

1711 2375 1878 2426 cuisse
1915 2373 1982 2424 ob
2020 2373 2241 2423 solertes
2259 2371 2412 2436 jocos
2447 2378 2504 2421 et
2536 2370 2774 2421 festivam
2843 2428 2848 2435 ι

1710 2454 2041 2505 dicacitatem
2077 2451 2461 2513 animadvertit,
2495 2456 2606 2499 mm
2642 2449 2780 2514 plus·-
2861 2444 2876 2449 “

1711 2532 1883 2585 culum
1907 2530 2088 2591 audet,
2121 2534 2178 2578 et
2200 2527 2485 2578 occultiora
2511 2527 2781 2578 interiora·

1711 2624 1814 2674 que
1853 2608 2088 2659 facinora
2130 2621 2233 2671 uon
2275 2609 2486 2655 veretur
2539 2617 2782 2668 arguero-

1713 2688 1833 2745 Hoc
1858 2687 2061 2737 scilicet
2083 2691 2168 2735 cst
2189 2682 2367 2734 ludere
2391 2683 2530 2734 circa
2551 2696 2781 2747 praecor-

1712 2763 1831 2813 dia?
1864 2763 2059 2812 Verum
2083 2775 2184 2811 uuo
2207 2761 2319 2811 ictu
2333 2760 2541 2824 jugulat
2558 2759 2674 2809 illos
2696 2758 2785 2811 In-

1712 2846 1974 2906 terpretes
2010 2839 2148 2905 quod
2182 2837 2359 2887 statim
2397 2836 2526 2886 dicit
2549 2835 2785 2901 Persius,

1710 2933 1861 2969 omne
1880 2918 2063 2968 vitium
2081 2914 2409 2980 reprebendi.
2477 2913 2600 2962 Non
2619 2913 2782 2977 igitut

1710 2996 1912 3046 minora
1928 2995 2110 3058 primo,
2127 2993 2317 3043 deiude
2341 2992 2598 3055 graviora.

1773 3070 1946 3134 Ludit]
2002 3069 2210 3121 Nemini
2233 3068 2422 3131 parcit,
2458 3067 2658 3117 vitiosis
2692 3080 2788 3118 sut
2845 3132 2854 3139 ·

1713 3149 1941 3207 ostendit
1955 3148 2079 3199 vitia
2098 3152 2152 3199 et
2175 3146 2353 3211 culpat
2366 3145 2472 3207 ille,
2485 3158 2586 3194 ¹uec
2604 3151 2782 3195 tamen

1715 3228 1974 3293 culpando
1995 3225 2235 3288 offendit,
2271 3225 2404 3274 adeo
2439 3222 2588 3274 vafer
2619 3230 2702 3273 est
2723 3227 2788 3273 et*

1716 3304 1958 3365 callidus,
1968 3312 2028 3354 ut
2044 3302 2270 3353 ludendo
2274 3301 2606 3371 jocandoque
2623 3299 2782 3350 animi

1717 3382 1931 3431 vulnera
1954 3385 2157 3444 premat
2176 3386 2232 3428 et
2253 3385 2419 3429 curet.
2470 3444 2476 3451 .
2645 3380 2652 3387 ‘

1783 3461 1880 3508 118
1920 3458 2127 3507 Excusso
2145 3457 2387 3521 populum,
2423 3456 2530 3518 Asc-J
2603 3454 2783 3518 Expli-

1719 3545 1841 3585 caut
1877 3533 2106 3600 quidam,
2143 3539 2387 3596 porrecto
2423 3538 2477 3580 et
2516 3531 2686 3594 hilari,
2717 3532 2786 3581 ub

1716 3613 1885 3665 minus
1927 3612 2143 3663 acerbus
2185 3609 2422 3661 videatur
2461 3610 2620 3658 etiam
2658 3624 2782 3660 cm

1717 3690 1948 3749 mordet;
1995 3691 2086 3738 sed
2109 3687 2280 3738 malim
2313 3685 2599 3750 simplicius
2621 3687 2800 3737 intera,

1714 3766 1941 3831 pretari3
1982 3779 2248 3826 succusso,
2280 3764 2418 3828 quod
2452 3770 2507 3812 et
2528 3776 2648 3824 vox,
2671 3778 2781 3814 sus·

1714 3844 1961 3908 pendere,
1981 3843 2224 3906 postulat.
2293 3841 2450 3890 Certe
2487 3856 2608 3890 curn
2644 3841 2784 3891 ride-

1711 3935 1825 3970 mus
1866 3919 2107 3984 aliquem,
2146 3908 2307 3981 ca'put
2346 3917 2665 3967 excutimus:
2721 3923 2784 3967 et

1711 4013 1828 4047 cum
1860 3996 2015 4046 alicui
2036 3994 2336 4045 insultamus
2358 3993 2569 4055 aeriter,
2601 4009 2782 4059 arrep-

1713 4081 1824 4125 tum
1855 4073 2011 4125 etiam
2050 4087 2229 4122 nasum
2265 4072 2594 4139 succutimus.
2661 4072 2786 4123 Erit

1711 4151 1872 4216 igitur
1911 4149 2077 4201 facilis
2117 4155 2172 4205 et
2203 4163 2370 4212 prona
2388 4148 2786 4212 interpretatio,

1714 4228 1823 4279 sive
1847 4225 2046 4279 referas
2074 4225 2145 4276 ad
2164 4240 2282 4277 eum
2302 4225 2391 4290 qui
2409 4225 2635 4292 deridet,
2668 4226 2784 4278 sive

1715 4304 1781 4354 ad
1800 4319 1916 4354 eum
1939 4303 2028 4370 qui
2050 4300 2339 4355 deridetur.
