3084 4934
1191 413 1439 463 Pssnsn
1488 413 1653 464 SAT.
1701 415 1756 464 1.

365 557 555 622 scabit,
566 562 624 609 et
640 557 880 621 Plateam,
893 558 976 607 vel
1001 558 1247 608 librorum
1271 573 1431 608 arma-

364 636 497 687 rium
533 649 642 702 prae
676 636 774 700 ira,
811 650 911 685 non
947 636 1260 686 succedente
1283 649 1431 700 vena,

364 714 526 764 caedit
549 720 602 763 et
636 713 826 776 pulsat,
861 726 961 762 nec
999 727 1199 777 ungues
1234 713 1428 776 cogita-

359 787 565 841 bundus
588 789 803 839 arrodit.
868 789 1104 839 Sollicite
1127 798 1302 839 autem
1327 804 1429 839 me-

359 864 590 917 ditantes
640 865 859 930 aliquid,
905 879 1100 931 ungues
1154 866 1425 930 arrodunt,

357 949 517 1007 caput
542 942 776 992 scabunt.
811 942 986 992 Dubia.

428 1023 524 1070 107
558 1019 656 1068 Sed
694 1019 826 1082 quid,
867 1018 974 1082 lya]
1039 1018 1154 1068 Sint
1197 1018 1310 1069 liaec
1348 1019 1424 1069 lta

354 1111 499 1159 sane,
538 1095 662 1161 qnid
696 1095 761 1145 ad
787 1095 869 1144 te?
902 1100 1027 1144 tune
1063 1096 1201 1145 solus
1239 1102 1423 1146 contra

356 1170 458 1223 ibis
481 1178 537 1221 et
562 1170 790 1220 irritabis
825 1169 1041 1233 nobiles,
1060 1171 1293 1220 mordaci
1331 1179 1423 1222 tna

356 1246 774 1311 reprehendendi
843 1245 1096 1297 libertate
1162 1245 1423 1298 offensos?

353 1323 765 1380 fama—Quid
813 1321 952 1386 opus]
1034 1323 1195 1395 Quasi
1248 1324 1417 1375 dicat:

352 1400 518 1451 Potes
563 1401 674 1458 illa,
715 1401 840 1450 licet
885 1415 1009 1450 vera
1052 1401 1171 1464 sint,
1214 1401 1419 1451 silentio

352 1478 645 1541 praeterire,
694 1485 752 1527 ut
801 1479 890 1529 alii
943 1476 1162 1540 faciunt,
1203 1493 1268 1528 ne
1323 1479 1420 1529 tibi

351 1553 542 1604 damna
562 1555 1021 1618 crees—Tenem]
1081 1555 1226 1605 Salse
1252 1555 1420 1619 tangit

350 1629 563 1681 nimiam
593 1631 860 1682 mollitiem
883 1631 1172 1695 principum
1198 1632 1414 1681 Roman.

351 1722 566 1774 quornm
591 1722 739 1758 aures
775 1715 995 1758 assuetae
1024 1707 1229 1758 blandis
1253 1709 1416 1773 palpi-

348 1784 652 1844 rationibus,
698 1783 1073 1835 aversabantur
1115 1785 1414 1835 mordacem

347 1860 644 1923 veritatem,
687 1861 754 1911 ob
806 1876 955 1926 quam
1013 1868 1205 1912 tenerae
1260 1875 1412 1911 aures

345 1937 510 2000 magis
547 1937 1246 2002 indignarentur.-Morduci
1278 1938 1410 2001 vero]

345 2013 555 2065 Veritas
575 2016 710 2064 enim
733 2015 936 2080 iniquos
970 2014 1192 2078 mordet,
1226 2020 1280 2065 et
1301 2014 1412 2064 odi-

345 2106 434 2141 um
474 2092 912 2156 parit.-Radere]
966 2092 1232 2157 Mordere,
1271 2093 1410 2143 lace-

346 2182 483 2233 rare,
504 2170 740 2233 Metaph.
776 2170 928 2220 Idem·

411 2250 509 2295 108
548 2246 668 2295 Vide
685 2247 770 2311 sis,
790 2246 896 2310 ξω]
930 2247 1087 2311 Cave,
1104 2246 1273 2311 Persi,
1294 2261 1360 2297 ne
1377 2263 1410 2299 a

341 2321 518 2373 limine
542 2329 600 2374 et
622 2324 820 2376 sedibus
835 2331 1176 2389 patronorum
1202 2331 1407 2376 tuorum

343 2402 653 2466 excludaris,
696 2409 753 2452 et
793 2403 1096 2467 sportulam,
1149 2407 1245 2453 100
1287 2418 1410 2468 qua-

341 2476 571 2542 drantes,
592 2480 714 2530 dum
735 2480 851 2530 illos
882 2495 1034 2530 mane
1066 2481 1281 2544 salutas,
1301 2496 1406 2531 non

341 2558 588 2626 accipias.
651 2561 751 2623 De,
773 2560 825 2609 in
862 2560 987 2624 eide,
1008 2560 1104 2610 hoc
1143 2561 1258 2610 loco
1293 2575 1405 2611 cor-

340 2634 544 2700 ripitur,
592 2642 653 2686 ut
694 2652 806 2687 cave
851 2637 992 2702 apud
1044 2637 1407 2688 Horatium.—

340 2711 604 2779 Mqiorum]
657 2714 1021 2764 Potentiorum
1061 2721 1118 2764 et
1161 2721 1404 2779 patrono-

340 2802 456 2838 rum
479 2795 705 2840 tuorum.
740 2791 915 2841 Dubia.

405 2869 503 2937 100
541 2866 752 2931 Lindum,
787 2866 894 2931 mu]
959 2868 1115 2918 AEdes
1153 2883 1256 2919 non
1297 2885 1402 2920 am-

337 2942 475 3007 plius
510 2942 932 3008 frequententur,
973 2958 1070 2994 nec
1117 2948 1400 3009 sportulam

338 3020 685 3085 consequaris,
707 3025 762 3069 et
795 3021 872 3069 ita
906 3019 972 3069 ad
1004 3020 1230 3084 inopiam
1267 3022 1402 3072 redi·

334 3096 867 3161 gurim—Primatum]
928 3097 1049 3148 Sint
1090 3099 1289 3164 clausa,
1333 3115 1400 3150 ne

334 3171 633 3222 excludaris
651 3188 682 3223 e
720 3174 875 3224 domo
913 3179 1182 3238 potentum
1217 3176 1402 3227 amico·

262 3253 265 3254 ’
334 3263 470 3311 rum,
515 3256 570 3298 et
610 3250 861 3301 amicitiae
914 3257 1021 3301 tnae
1075 3254 1400 3304 renuncient.

330 3324 419 3375 Sic
441 3325 837 3390 Culinofre'gida,
871 3328 923 3377 in
956 3343 1059 3393 qua
1080 3330 1207 3382 nihil
1225 3331 1402 3396 coqui·

332 3410 438 3452 tur.
472 3403 646 3453 Lubin.
711 3405 832 3468 Vel,
873 3406 961 3456 Ne
993 3406 1106 3471 quis
1136 3408 1398 3472 potentio-

329 3493 447 3529 rum
488 3480 586 3530 tibi
624 3488 844 3531 mortem
889 3480 1132 3546 frigidam
1177 3483 1395 3546 inferat;

326 3554 650 3619 allusumque
686 3556 893 3606 volunt‘
906 3556 973 3606 ad
1010 3557 1140 3607 illud
1185 3558 1399 3609 Horatii

327 3630 440 3680 Sat.
477 3644 542 3681 11.
584 3636 632 3681 1.
678 3633 761 3683 ‘O
808 3648 957 3697 puer,
994 3640 1054 3684 ut
1098 3635 1167 3684 sis
1208 3634 1396 3685 vitalis

327 3713 507 3758 metuo
527 3725 543 3770 3
565 3710 817 3774 majorum
839 3725 905 3761 ne
923 3712 1038 3776 quis
1061 3713 1256 3762 amicus
1287 3714 1397 3763 Fri-

326 3798 453 3848 gore
476 3791 531 3835 te
557 3785 710 3837 feriat
726 3787 758 3836 ε’
794 3802 892 3837 nec
927 3789 1075 3840 male.
1113 3789 1394 3839 Far-nab.—

336 3859 473 3925 Viae,
490 3861 598 3926 ξω]
660 3863 743 3912 Ne
767 3863 981 3927 incipias
1006 3864 1305 3929 potentibus
1330 3879 1392 3914 ac

328 3937 530 3988 Neroni
553 3939 800 4003 imprimis
822 3939 1027 3990 odiosus
1048 3955 1181 3992 esse.
1232 3941 1395 3992 Refer

328 4014 393 4065 ad
428 4015 844 4079 quotidianarum
883 4018 1252 4068 salutationum
1285 4033 1394 4068 mo·

326 4105 462 4141 rem:
501 4107 616 4142 narn
641 4094 727 4157 qui
749 4108 933 4158 parum
957 4095 1093 4159 grati
1115 4101 1283 4158 erant,
1301 4094 1392 4145 du-

325 4168 828 4228 riustractabantur
867 4172 930 4222 ab
965 4171 1189 4223 ostiariis
1225 4180 1282 4223 et
1302 4173 1392 4223 ad-

323 4243 617 4295 missionum
681 4247 959 4313 magistris.
1060 4249 1179 4299 Hoc
1234 4257 1392 4300 vocat

324 4320 539 4376 Penius
584 4324 870 4392 eleganter,
912 4326 1079 4378 limina
1105 4325 1394 4394 frigescere,

2440 400 2580 467 217.

1503 559 1810 610 translatum
1847 573 1879 607 a
1905 556 2039 609 cibis
2061 559 2309 624 pridianis
2331 564 2387 610 et
2425 559 2582 626 frigi·-

1499 636 1602 698 dis,
1646 637 1734 700 qui
1780 637 1945 686 minus
1995 637 2224 703 placent.
2297 637 2567 687 Gasani».—

1499 710 1799 776 Somnum]
1853 713 2014 765 Quasi
2056 714 2226 764 dicat:
2263 715 2325 764 In
2364 714 2565 779 Satyris
2665 724 2670 728 ’

1498 789 1605 837 tuis
1628 804 1825 839 summa
1848 789 1986 840 inest
2028 791 2308 841 acrimonia
2341 796 2397 842 et
2432 801 2566 842 nior·

1499 864 1728 916 dacitas:
1755 865 1837 917 hic
1858 873 2032 917 autem
2053 868 2108 918 in
2131 868 2374 919 nobilium
2397 870 2564 919 domi·

1498 940 1595 991 bus
1638 942 1795 992 litera
1834 942 1886 992 R
1921 943 2226 1009 frequenter
2260 950 2429 995 sonat.
2497 946 2563 996 Id

1496 1023 1597 1082 est,
1626 1018 1835 1068 Divites
1873 1018 2030 1069 facile
2068 1020 2355 1070 irritantur.
2422 1022 2564 1071 Alle-

1496 1091 1645 1155 geria
1666 1092 1733 1143 ab
1756 1094 1901 1164 iratis
1920 1094 2161 1156 canibus3
2184 1096 2235 1145 R
2254 1096 2389 1146 enim
2404 1096 2562 1148 litera

1493 1174 1574 1219 est
1594 1169 1787 1219 irritati
1809 1176 1863 1219 et
1884 1171 2148 1221 birrientis
2171 1173 2328 1223 canis.
2361 1174 2537 1225 Lamia.

1561 1250 1658 1296 110
1690 1247 1806 1312 Per,
1826 1247 1936 1310 ξω]
1967 1248 2249 1299 Concessio
2271 1256 2326 1300 et
2346 1250 2562 1313 permis·

1493 1320 1569 1370 sio
1603 1321 1997 1373 Ironicm—Per
2033 1325 2130 1387 nse]
2183 1326 2446 1377 Quantum
2491 1325 2561 1377 ad

1490 1412 1576 1447 me
1619 1407 1848 1465 spectat,
1890 1401 2373 1465 utinen—Omnia]
2435 1403 2559 1454 Sive

1490 1472 1645 1537 bona,
1687 1475 1794 1525 sive
1835 1477 1987 1539 mala,
2036 1479 2205 1529 omnia
2247 1480 2558 1531 laudabor-

1491 1551 1743 1617 Pretium]
1792 1555 1966 1617 Nunc,
1986 1569 2144 1616 nunc,
2165 1555 2302 1619 alba,
2321 1556 2558 1621 honesta,

1489 1629 1690 1692 pulcra,
1725 1631 2025 1683 laudabilia.
2089 1633 2264 1684 Album
2293 1635 2429 1684 enim
2456 1651 2554 1699 pro
2639 1689 2646 1704 ,

1487 1703 1647 1768 bono,
1683 1706 1879 1768 nigrum
1918 1724 2013 1773 pro
2050 1711 2186 1760 malo
2208 1711 2398 1776 saepius
2422 1714 2557 1778 posi·

1488 1785 1598 1829 tum
1620 1781 1814 1832 videas.
1846 1784 2075 1836 Turneb.
2100 1798 2305 1837 xxvut.
2329 1793 2411 1839 85.

1554 1860 1645 1907 111
1674 1859 1764 1909 Nil
1774 1861 1953 1925 moror]
1979 1861 2070 1913 Nil
2087 1863 2342 1927 impedio;
2365 1882 2552 1919 conce·

1485 1931 1606 1983 dam
1642 1936 1811 1986 omnia
1842 1938 2062 1989 honesta
2080 1954 2214 2004 esse,
2237 1943 2408 1992 omnia
2438 1943 2551 1994 fieri

1484 2016 1729 2077 tanquam
1775 2016 2183 2082 proba—Euge,
2225 2035 2400 2084 omnes,
2442 2024 2550 2088 ξω]

1484 2086 1680 2138 Omnes
1693 2104 1777 2140 res
1792 2092 2139 2145 Romanorum
2154 2097 2378 2160 egregiae
2387 2099 2550 2164 eritis,

1483 2171 1538 2216 et
1562 2167 1755 2230 optime
1778 2184 1869 2219 vos
1884 2171 2163 2224 habebitis.
2198 2173 2549 2227 Assentientis

1481 2243 1735 2306 sceptice.
1790 2245 1975 2296 Totum
1998 2253 2173 2297 autem
2204 2262 2301 2312 per
2319 2249 2549 2301 Ironiam

1480 2332 1597 2367 cnm
1623 2319 1726 2368 risu
1750 2320 2040 2384 legendnm.
2109 2324 2245 2393 Nam
2270 2324 2431 2374 tacite
2465 2326 2546 2390 ip·

1479 2409 1590 2444 sum
1612 2395 1806 2460 ridens,
1829 2400 2002 2449 omnia
2021 2400 2315 2451 *mortalium
2334 2402 2460 2452 vitia
2490 2417 2544 2453 se

1478 2478 1779 2526 notatarum
1798 2476 2073 2540 signifieat.
2107 2478 2283 2529 Mn.

1545 2557 1640 2604 112
1673 2555 1958 2622 Hocjuvat]
2023 2558 2155 2609 Haec
2173 2573 2288 2609 mea
2310 2560 2467 2611 verba
2488 2566 2546 2612 et

1475 2631 1590 2682 haec
1612 2647 1730 2683 mea
1751 2634 1919 2684 oratio
1945 2640 1997 2684 te
2027 2635 2182 2699 juvat
2205 2642 2262 2687 et
2293 2637 2545 2702 delectat,

1478 2726 1597 2762 cum
1620 2713 1879 2762 neminem
1902 2713 2245 2779 reprehendo.
2295 2715 2431 2766 Nam
2445 2713 2545 2766 'illa

1476 2803 1596 2853 quae
1619 2789 1916 2854 displicent,
1932 2804 2034 2839 non
2057 2790 2285 2841 libenter
2305 2792 2546 2843 audis.—

1475 2864 1579 2914 Hic
1600 2865 1782 2930 inquis]
1825 2866 2200 2930 Prosopopoeia
2216 2867 2336 2917 vani
2359 2869 2543 2919 Poeta

1476 2957 1571 2991 sua
1612 2942 1845 2992 carmina
1877 2943 2188 3006 reprebendi
2226 2945 2542 2995 vetantis.-

1475 3017 1600 3082 Hs'c]
1633 3018 1698 3067 In
1738 3019 2051 3069 carminibus
2092 3020 2237 3083 meis,
2277 3036 2392 3085 qua».
2432 3028 2542 3072 tan-

1473 3109 1629 3159 quam
1664 3095 1806 3145 locus
1840 3110 2008 3158 sacer,
2033 3096 2274 3159 religiose
2304 3097 2545 3161 colenda,

1473 3176 1531 3219 et
1584 3185 1689 3221 non
1744 3171 2158 3221 contaminanda.
2257 3173 2359 3222 Vel
2410 3180 2538 3236 veto,

1474 3248 1623 3313 qnasi
1666 3249 1732 3298 ad
1786 3249 2049 3298 Neronem
2104 3248 2337 3313 respicit,
2383 3250 2536 3314 cujus

1473 3330 1590 3374 erat
1613 3331 1791 3374 vetare
1810 3330 1866 3374 et
1886 3325 2160 3389 imperare,
2180 3340 2244 3375 ne
2267 3326 2380 3391 quis
2399 3329 2538 3378 mala
2595 3355 2600 3362 .

1473 3405 1899 3469 reprehenderet.
1966 3406 2105 3456 Nolo
2144 3421 2225 3455 me
2265 3407 2535 3473 quisquam

1471 3485 1757 3548 vituperet,
1782 3486 2148 3550 reprehendat.
2187 3486 2535 3538 Similitudine

1471 3559 1631 3611 ducta
1654 3576 1686 3610 a
1705 3562 1834 3611 locis
1857 3564 2190 3626 consecratis,
2207 3563 2296 3612 nbi
2318 3576 2384 3612 ne
2409 3562 2534 3628 quid

1469 3636 1697 3687 obscoeni
1721 3638 1872 3692 fieret
1892 3654 1924 3687 a
1947 3641 2138 3703 pueris,
2157 3639 2260 3689 duo
2281 3639 2535 3689 dracones

1468 3712 1535 3761 ad
1560 3713 1673 3761 illos
1711 3712 1961 3775 fugandos
1983 3714 2534 3778 pingebantur.—-Ole·

1467 3788 1598 3852 tum]
1652 3790 1867 3839 Stercus
1903 3791 2197 3849 humanum,
2221 3789 2395 3851 μίνθος.
2462 3791 2529 3842 Id

1467 3872 1567 3929 est,
1591 3865 1776 3916 Alvum
1800 3874 2065 3917 exoneret.
2099 3869 2271 3919 Lubin.
2531 3891 2534 3896 ·

1531 3947 1627 3992 118
1661 3944 1836 4006 Pinge,
1858 3944 1966 4008 ἔγω]
2034 3945 2097 3994 ln
2130 3944 2384 3995 vestibulo
2417 3961 2531 3996 car-

1463 4019 1658 4086 minum
1683 4028 1905 4085 tuorum,
1929 4027 2173 4087 tanquam
2208 4023 2324 4072 loco
2358 4038 2531 4088 sacro,

1465 4097 1623 4162 pinge
1656 4097 1784 4147 dnos
1820 4098 2073 4148 dracones
2108 4107 2163 4148 et
2200 4098 2337 4149 adde
2372 4100 2532 4150 inter·

1462 4174 1680 4237 dictum,
1711 4175 1867 4238 pueri,
1882 4190 2013 4224 sacer
2033 4181 2104 4225 est
2125 4177 2266 4240 locus,
2287 4183 2454 4235 exerm-
2470 4179 2530 4228 id

1461 4258 1564 4314 est,
1601 4252 1769 4315 Pinge
1791 4250 1998 4315 aliquod
2033 4252 2253 4317 signum,
2287 4267 2391 4318 qno
2419 4257 2529 4304 ino-

1459 4343 1605 4394 near,
1628 4344 1659 4379 a
1686 4327 1872 4395 quibus
1894 4327 2017 4380 mihi
2039 4327 2526 4391 sit‘abstinendum3
