3084 4934
531 371 667 459 iss

619 540 1161 632 fibertateopus
1184 548 1315 625 estss
1340 546 1469 610 non'
1494 543 1647 623 hac,
1677 560 1875 628 quam
1904 546 1978 608 ut
2004 528 2559 627 quisque-Velina

1301 399 1373 450 A.
1423 378 1989 451 rizasir'rnacct

2705 514 2746 559 't

538 653 820 720 Publius
849 652 1146 730 emeruit,
1177 648 1565 715 scabiosum
1591 643 2042 739 tesserula-far

531 855 908 905 eodemtemae.
974 852 1199 904 Libertas
1231 848 1825 915 mammilla

1845 815 2749 914 perqmffmmqnm

530 917 733 970 Publius
764 916 1093 999 missas·
1127 924 1217 985 est,
1236 916 1540 980 fras-eatam
1580 920 1855 980 corruptam
1893 913 2070 965 obtinet
2106 927 2196 977 per
2245 916 2470 963 teneras·
2508 908 2748 963 Velim.

1464 1076 1584 1099 0000
1588 1075 1825 1099 ONNOOO

532 1202 598 1249 rs
630 1199 718 1249 aaa
758 1203 814 1248 ut
844 1180 1219 1263 quisqu'ndit.
1264 1195 1447 1263 steph.
1483 1200 1540 1246 et
1573 1195 1635 1247 c.
1669 1184 2754 1275 numquamnummquafflqu

539 1263 675 1315 Edd.
710 1263 880 1330 quaid.

1537 1334 1753 1425 1⁴:015AE

535 1490 797 1557 spondent
812 1488 925 1540 axis
944 1489 1201 1541 secundus
1223 1495 1280 1542 et
1297 1494 1414 1541 rota
1428 1495 1602 1554 poste·

529 1568 670 1631 rios-3
708 1581 972 1633 nunqnam
1005 1566 1233 1630 attinges
1276 1566 1416 1618 diem
1457 1566 1604 1616 illum

531 1644 835 1708 crastinum,
868 1658 970 1710 quo
1013 1642 1200 1693 statuis
1239 1643 1475 1706 meliora,
1512 1641 1605 1707 qui

530 1720 856 1788 significatur
877 1735 976 1786 per
998 1726 1166 1771 rotam
1201 1696 1450 1784 priorffim,
1484 1733 1603 1784 quae

531 1798 763 1853 solvitur
818 1811 1025 1864 semper
1070 1803 1194 1848 ante
1247 1797 1605 1862 posteriorem,

530 1888 701 1942 neque
720 1890 943 1942 unquam
962 1875 1238 1940 attingitur
1253 1874 1319 1925 ab
1332 1888 1413 1939 ea,
1429 1889 1605 1940 quam-

532 1951 682 2004 risei
696 1954 952 2020 proxima.

594 2034 660 2081 ⁷8
692 2030 940 2081 Libertate
971 2044 1086 2094 opus
1115 2029 1210 2094 est]
1270 2027 1606 2081 obstinatum

528 2106 584 2157 in
606 2105 746 2158 vitiis
781 2106 1032 2171 juvenem
1070 2106 1375 2170 aggreditur
1394 2105 1605 2157 Persius

525 2198 666 2235 nova
698 2183 921 2250 quadam
942 2187 1000 2233 et
1022 2183 1198 2234 subtili
1219 2183 1442 2243 ratione,
1469 2181 1606 2233 scili-

527 2267 621 2312 cet
641 2259 896 2312 libertatis
913 2274 1087 2310 amore
1102 2274 1164 2310 ac
1181 2260 1495 2310 necessitate
1514 2276 1528 2309 :
1548 2264 1606 2310 et

529 2351 597 2388 ex
621 2336 891 2388 occasione
915 2341 1111 2387 tractat
1133 2337 1404 2402 eleganter
1415 2342 1471 2385 et
1489 2332 1604 2385 fuse

527 2412 853 2480 paradoxum
900 2413 1033 2463 illud
1088 2413 1412 2464 Stoicorum:
1465 2411 1603 2462 solos

525 2490 794 2555 sapientes
833 2505 947 2541 esse
1001 2491 1218 2542 liberos:
1278 2489 1343 2541 de
1388 2504 1490 2556 quo
1547 2495 1606 2540 et

528 2567 669 2620 Tull.
689 2566 870 2631 parad.
901 2572 951 2617 5.
1266 2570 1272 2575 ⁴

533 2638 541 2643 “
594 2643 712 2694 Non
728 2644 838 2709 hac]
885 2646 1116 2710 Ergone,
1154 2659 1187 2694 o
1220 2642 1445 2694 Romani
1481 2640 1605 2692 ado-

528 2721 811 2788 lescentes,
853 2721 1151 2772 libertatem
1205 2721 1335 2771 adeo
1365 2720 1605 2785 jactatis,

529 2799 653 2851 dum
676 2799 811 2850 servi
846 2800 974 2850 estis
999 2798 1349 2862 cupiditatum
1367 2811 1428 2848 ac
1451 2796 1604 2848 vitio-

525 2889 641 2942 sum
663 2878 681 2926 ?
715 2875 800 2926 An
822 2876 970 2927 vobis
992 2874 1239 2927 videmini
1261 2873 1386 2925 satis
1410 2887 1523 2924 esse
1541 2888 1604 2923 ac

526 2966 652 3004 vere
682 2951 838 3003 liberi
873 2958 930 3001 et
951 2951 1180 3017 ingenui,
1217 2949 1371 3001 modo
1394 2949 1601 3001 liberta-

526 3033 641 3080 tem
699 3027 959 3081 duntaxat
1013 3027 1222 3078 civilem
1272 3027 1603 3092 possideatis,

527 3108 738 3175 qualem
748 3106 859 3168 ,sibi
879 3105 1114 3157 vindicat
1147 3111 1478 3173 ostentatque
1498 3120 1605 3156 ser·

526 3198 625 3240 vus
640 3182 755 3252 lieri
767 3182 852 3232 vel
871 3181 1025 3233 hodie
1041 3183 1409 3235 manumissus?
1434 3182 1602 3239 Immo

525 3260 776 3325 libertate
814 3259 972 3309 animi
1006 3274 1135 3325 opus
1165 3265 1266 3324 est,
1307 3274 1409 3310 nec
1451 3258 1607 3309 aliter

531 3338 805 3404 quisquam
834 3336 970 3386 liber
1006 3341 1064 3387 et
1097 3336 1352 3400 ingenuus
1398 3335 1606 3386 censeri

528 3417 710 3468 debet.
758 3416 980 3467 Ter-tull.
997 3415 1091 3466 lib.
1122 3415 1189 3466 de
1222 3417 1439 3467 Resurr.
1484 3415 1502 3444 ‘
1520 3415 1607 3466 Li-

529 3495 744 3547 bertate
767 3509 898 3559 opus
922 3499 1005 3553 est
1028 3493 1094 3543 ad
1131 3492 1395 3556 virtutem,
1438 3492 1608 3558 inquit

527 3572 768 3637 Persius,
810 3587 915 3623 non
946 3586 1012 3622 ea
1048 3587 1150 3638 qua
1172 3571 1311 3622 servi
1332 3571 1607 3633 donantur,

529 3655 589 3702 et
643 3649 971 3706 ascribuntur
1012 3649 1101 3700 uni
1148 3648 1420 3710 Tribuum‚
1478 3657 1608 3714 puta

529 3726 772 3797 {Velinaess

603 3806 674 3855 Ut
705 3804 902 3869 quisque
950 3802 1136 3868 Velina,
1169 3803 1275 3868 εἷα]
1332 3801 1522 3853 Statim
1542 3816 1606 3852 ac

527 3880 585 3932 in
606 3882 911 3932 libertatem
948 3887 1175 3931 assertus
1199 3879 1417 3945 quisque
1438 3880 1492 3930 in
1515 3879 1607 3929 ali-

529 3970 689 4023 quam
702 3974 733 4008 e
750 3959 1000 4009 Romanis
1022 3959 1281 4009 Tribubus
1298 3957 1610 4008 transcribe-

527 4034 707 4098 batur,
741 4050 792 4087 V.
836 4051 888 4100 g.
915 4036 1254 4101 Esquilinam,
1286 4034 1604 4099 Palatinam,

528 4108 800 4186 Velinam:
828 4116 936 4161 tum
951 4112 1074 4177 jure
1098 4111 1310 4176 publico
1325 4110 1607 4176 gaudebat,

529 4192 589 4261 et
609 4186 962 4237 communibus
991 4187 1183 4237 civium
1200 4187 1562 4238 emolumentis
1588 4205 1603 4250 ς

533 4264 699 4344 qualis
735 4270 817 4317 est
851 4279 1074 4332 annona,
1118 4281 1225 4330 seu·
1248 4265 1606 4321 frumentatio.

1682 1487 1901 1554 Triplex
1942 1485 2203 1538 libertatis
2245 1497 2408 1551 genus
2450 1483 2566 1548 lege
2612 1478 2751 1547 apud

1682 1567 1839 1620 Alex.
1862 1568 1929 1619 ab
1950 1567 2107 1619 Alex.
2132 1578 2254 1617 xw.
2276 1569 2360 1616 10.

1755 1646 1945 1712 Velim]
1978 1646 1994 1674 ‘
2013 1644 2119 1698 Qui
2155 1641 2399 1693 Velinum
2421 1641 2561 1692 eirca
2580 1639 2752 1691 laeum

1660 1704 2006 1785 babitabant,
2026 1723 2240 1772 Romam
2261 1718 2500 1770 translati
2522 1724 2676 1781 sunt;
2697 1721 2753 1768 et

1682 1800 1875 1851 Velina
1894 1799 2060 1849 tribus
2097 1811 2313 1848 numero
2336 1795 2554 1846 aliarum
2577 1809 2752 1846 acces-
2814 1799 2818 1804 '

1685 1875 1790 1929 sit?
1817 1878 1969 1928 Vett.
1992 1875 2165 1927 Gloss.
2181 1874 2319 1924 Vide
2335 1872 2493 1924 Alex.
2510 1871 2579 1922 ab
2593 1861 2751 1923 Alex.

1684 1967 1724 2004 1.
1748 1958 1832 2004 17.
2254 1956 2264 1961 “

1750 2034 1814 2081 74
1849 2027 2285 2093 Publiusemeruit]
2328 2025 2491 2082 Quasi
2516 2032 2754 2092 tempore

1687 2108 1956 2161 servitutis
1996 2114 2203 2170 exacto,
2233 2105 2535 2157 libertatem
2565 2105 2754 2156 merito

1688 2202 1782 2237 suo
1805 2190 2137 2249 consecutus,
2177 2183 2397 2235 Patroni
2434 2183 2513 2234 sui
2554 2196 2757 2248 praeno·

1684 2278 1806 2315 men
1835 2261 1923 2330 (ut
1941 2260 2028 2328 fit)
2060 2261 2293 2326 assumit,
2334 2259 2473 2326 quod
2490 2259 2627 2310 servi
2642 2258 2752 2309 nnl-

1684 2341 1789 2391 lum
1826 2338 2121 2390 habebant:
2145 2343 2219 2394 ,et
2262 2336 2434 2387 dictus
2461 2350 2509 2386 v.
2529 2350 2584 2400 g.
2615 2334 2756 2385 Pub-

1681 2416 1782 2468 lius
1822 2414 2049 2467 Licinius
2091 2413 2296 2472 Velina.
2353 2412 2592 2462 Emeruit.
2639 2409 2755 2461 Me·

1683 2494 1830 2562 taph,
1855 2509 1887 2543 a
1906 2491 2177 2554 militibus,
2199 2490 2289 2556 qui
2298 2490 2520 2541 honesta
2540 2487 2608 2557 de
2632 2501 2752 2538 cau·

1683 2587 1741 2623 sa
1757 2571 2036 2621 mittuntur
2074 2568 2302 2632 domum,
2325 2573 2382 2618 et
2410 2566 2666 2617 immunes
2696 2563 2754 2615 fi-

1683 2654 1781 2700 unt
1804 2647 2053 2712 deinceps
2070 2660 2101 2696 a
2123 2645 2384 2697 bellando.
2749 2684 2756 2691 .

1751 2725 2023 2777 Scabiosum
2048 2723 2162 2788 far]
2196 2722 2547 2785 Immundum,
2584 2727 2758 2786 putre,

1683 2802 2073 2869 gurgulionibus
2087 2814 2319 2851 exesum.
2385 2800 2543 2849 Ferte
2565 2797 2756 2848 intelli·

1685 2880 1765 2946 git
1788 2894 1977 2945 panem
1999 2892 2285 2943 acetosum,
2305 2876 2586 2939 sordidum,
2616 2874 2758 2925 cani·

1685 2972 1826 3008 num.
1893 2958 2101 3022 Mgunt
2131 2955 2239 3019 alii,
2276 2954 2558 3021 scobi-osma,
2576 2949 2632 3003 id
2655 2956 2756 3014 est,

1689 3047 1949 3100 asperum,
1995 3032 2119 3097 vile,
2156 3046 2266 3095 prae
2304 3036 2570 3083 vetustate
2605 3043 2758 3096 rugo·

1689 3126 1823 3162 sum.
2747 3146 2752 3149 .

1759 3176 2006 3239 Tener-'ala
2015 3182 2106 3248 sar
2125 3183 2361 3250 possidet]
2391 3183 2408 3211 ‘
2431 3182 2537 3237 Qui
2559 3196 2626 3234 ex
2647 3195 2756 3233 ma·

1683 3264 2001 3316 numissione
2032 3262 2174 3313 cives
2214 3261 2433 3313 Romani
2461 3259 2756 3313 efficieban-

1684 3346 1791 3405 tur,
1830 3341 1886 3391 iu
1927 3353 2141 3390 numero
2177 3339 2369 3390 civium
2408 3339 2756 3389 Romanorum

1685 3417 2003 3479 frumentum
2065 3416 2333 3482 publicum
2387 3410 2756 3480 accipiebant!

1684 3497 1835 3547 Vett.
1855 3496 2029 3547 Gloss.
2047 3500 2103 3545 et
2119 3493 2327 3565 quidem
2354 3491 2537 3558 gratis,
2550 3505 2620 3541 ex
2640 3492 2756 3561 lege

1685 3573 1793 3623 lata
1815 3588 1845 3622 a
1866 3571 2054 3623 Publio
2082 3570 2263 3621 Clodio
2293 3568 2527 3620 Tribuno
2557 3566 2756 3631 Plebis,

1685 3650 1877 3701 Pisone
1899 3655 1957 3700 et
1978 3647 2204 3700 Gabinio
2226 3646 2550 3710 Consulibus,
2572 3650 2633 3696 ut
2664 3657 2756 3694 no·

1688 3732 1771 3777 tat
1788 3725 2066 3778 Paedianus
2088 3723 2153 3774 ad
2181 3722 2338 3775 Orat.
2355 3720 2514 3772 Tullii
2537 3720 2588 3771 in
2610 3719 2759 3770 Piso·

1685 3820 1823 3855 nem.
1900 3803 2115 3854 Scilicet
2165 3816 2383 3852 annonae
2434 3800 2759 3850 Procurator

1686 3896 1927 3947 magnam
1951 3879 2226 3946 quotannis
2248 3877 2498 3929 frumenti
2520 3877 2626 3951 vim
2654 3875 2758 3927 col·

1685 3960 1904 4025 ligebat,
1939 3964 1995 4009 et
2019 3957 2290 4022 ,erogabat
2337 3956 2402 4006 iis
2440 3953 2755 4021 pauperibus

1685 4037 1773 4104 qui
1798 4043 2047 4086 tesseram
2088 4050 2179 4085 seu
2212 4040 2389 4084 notam
2417 4039 2539 4084 ante
2577 4030 2755 4081 datam

1686 4110 2162 4179 repraeseutarent‚'
2181 4126 2284 4177 qua
2317 4110 2458 4161 cives
2492 4109 2752 4161 Romanos

1683 4206 1799 4242 esse
1849 4195 2132 4243 constaret.
2219 4189 2282 4240 In
2325 4203 2392 4237 ea
2429 4185 2759 4251 scribebatur

1643 4346 1656 4357 ·
1684 4282 1875 4341 nomen
1889 4250 2481 4353 bominis-et-Tribns,·v.
2505 4277 2574 4329 gc
2612 4259 2754 4327 Pub-
