3084 4934
1218 396 1468 454 Pnnsu

392 542 1027 617 *inpane-perlustrarent
1045 546 1335 614 pervagari.
1374 549 1469 596 Ga-

388 627 539 677 aab.
566 625 801 677 'rur-eb.
825 637 922 675 xx.
947 629 996 674 1.

473 707 539 753 34
575 701 923 767 Camunni-m]
959 700 1198 764 Respicit
1222 700 1287 751 ad
1322 698 1471 750 fabu-

405 781 512 830 lam
535 778 777 829 Herculis
797 774 1029 829 Prodici.
1067 776 1206 828 Vide
1228 777 1399 828 Cicer.
1421 781 1470 828 1.

384 855 544 907 τοῦθ.
569 862 624 906 et
645 855 885 920 Xenopli.
905 853 1334 917 a—Anbiguum]
1369 854 1472 905 Ubi

383 957 395 966 ·
408 934 648 984 nimirum
673 933 971 997 ambigitur,
987 947 1104 997 quae
1124 931 1210 981 via
1231 931 1472 982 insisten-

382 988 479 1062 fda
523 1010 1021 1074 site—Ambiguum]
1081 1009 1235 1062 Quod
1279 1009 1474 1060 animos

384 1087 653 1137 :distrahit
694 1093 753 1136 et
802 1086 1069 1151 ambiguos
1115 1084 1475 1135 reddin-Et

405 1164 536 1227 vita]
569 1164 731 1217 Quasi
762 1162 861 1212 viae
899 1162 1106 1212 nescius
1142 1176 1304 1210 error.
1373 1161 1476 1211 De·

410 1240 632 1305 scriptio
641 1239 892 1304 juvenilis
916 1239 1106 1302 etatis,
1120 1239 1174 1288 in
1192 1253 1295 1305 qua
1315 1238 1473 1288 maxi·

382 1333 496 1368 -ma
518 1317 719 1369 consilii
736 1317 1085 1367 imbecillitas.
1112 1316 1283 1367 ubis.
1315 1317 1477 1366 Error

384 1409 500 1445 -seu
524 1394 779 1460 ignoratio
801 1409 997 1456 eorum,
1022 1409 1138 1459 quoe
1155 1399 1275 1443 sunt
1296 1407 1475 1444 neees-

408 1471 546 1521 saria
589 1471 656 1521 ad
697 1471 856 1520 vitam
894 1471 1030 1521 bene
1081 1470 1472 1520 instituendam.

382 1586 389 1599 .
414 1547 621 1599 Cauno.

476 1628 540 1674 85
575 1624 805 1689 Deducit]
846 1624 946 1674 Illa
983 1625 1120 1675 enim
1160 1629 1318 1676 aetate
1362 1639 1476 1675 cer-

410 1708 522 1752 tum
563 1701 685 1751 vitae
726 1717 887 1765 genus
924 1702 1476 1768 eligendum—stepi-

382 1776 523 1840 ⁸dus]
577 1776 936 1840 Alternantes,
967 1778 1121 1829 ruodo
1160 1780 1277 1838 boc,
1322 1779 1475 1829 modo

382 1892 395 1903 ,
410 1853 539 1904 illud
562 1861 915 1919 capessentes,
938 1854 1143 1914 dubias,
1165 1854 1479 1933 incertas.—

382 1932 763 1996 .Ramooa,6·c.]
814 1932 878 1981 In
916 1931 1117 1985 bivium.
1146 1931 1363 1982 duorum
1397 1946 1477 1980 ra-

411 2023 631 2072 morum,
664 2008 873 2058 virtutis
894 2014 952 2058 et
986 2008 1118 2071 vitii,
1151 2008 1207 2057 in
1240 2008 1396 2058 litera
1429 2010 1478 2058 Y

382 2084 729 2149 ·Pythagorre
787 2099 1169 2149 expressorum.
1269 2085 1479 2135 Rumon

414 2163 630 2227 respicit
652 2162 717 2212 ad
740 2163 808 2222 Y,
830 2177 946 2227 quae
980 2162 1109 2212 duos
1135 2162 1279 2226 quasi
1309 2176 1478 2211 ramos

382 2239 568 2290 -arbor
609 2237 1098 2302 habet.—⁴-Compita]
1152 2238 1288 2289 Sunt
1327 2237 1480 2299 bivia,

382 2352 395 2359 -
416 2315 485 2365 de
523 2316 708 2381 quibus
751 2315 951 2366 dictum
994 2315 1104 2367 Sat.
1138 2314 1477 2381 praecedeuti.

384 2424 395 2437 ›
414 2394 588 2446 laabin.
635 2402 639 2407 '

483 2476 550 2523 ³6
582 2473 687 2535 Me,
706 2471 812 2537 qm]
830 2472 933 2523 Illa
954 2477 1114 2523 oetate
1135 2485 1217 2522 me
1240 2470 1341 2521 tibi
1359 2485 1479 2535 sup-

413 2550 580 2614 posui,
599 2565 787 2614 meque
816 2549 914 2599 tibi
938 2547 1315 2600 instituendum
1338 2548 1480 2597 exhi-

413 2628 791 2681 but—Teucro·
825 2627 994 2691 mos]
1046 2629 1173 2692 Pro,
1206 2629 1393 2678 Persio
1424 2627 1478 2677 in

414 2707 609 2756 teneris
629 2707 796 2770 annis,
815 2713 871 2755 et
893 2712 1051 2756 aetate
1084 2713 1268 2756 tenera
1287 2704 1480 2755 consti-

415 2789 548 2834 tuto.
611 2784 786 2833 labin.

479 2864 544 2909 37
579 2860 823 2909 Socratico
857 2858 990 2922 siau]
1020 2858 1250 2922 Suscipis
1287 2873 1369 2907 me
1403 2857 1480 2907 fo-

413 2938 640 2987 vendum
660 2937 713 2985 in
736 2936 850 2986 sinu
872 2944 982 2997 tuo,
999 2936 1088 3001 qui
1110 2950 1166 2985 es
1186 2936 1481 2987 Socraticus

392 3014 792 3077 -Pliilosophusz
829 3026 991 3076 quare
1038 3012 1314 3061 Socraticas
1349 3010 1483 3060 sinus

412 3097 502 3142 est
515 3090 776 3141 institutio
798 3090 850 3138 in
871 3090 1053 3138 morali
1078 3086 1483 3152 philosophia.—

387 3167 693 3232 -Tano‚&e.]
741 3168 885 3216 Tunc
926 3166 1200 3230 disciplina
1238 3172 1348 3225 tua,
1382 3177 1484 3227 qua

392 3259 500 3297 ,me
518 3244 764 3307 imbuisti,
783 3244 977 3295 direxit
992 3257 1179 3307 pravos
1203 3255 1346 3290 meos
1369 3255 1476 3290 mo·

388 3337 500 3377 ,res
538 3322 763 3381 sensim;
812 3330 970 3385 atque
1005 3321 1100 3382 ita,
1134 3324 1194 3368 ut
1229 3318 1479 3382 asperita-

417 3407 526 3451 tem
548 3414 696 3450 novae
719 3398 1008 3461 disciplinae
1033 3397 1124 3446 vix
1142 3397 1297 3445 ullam
1322 3395 1483 3445 senti-

414 3493 546 3528 rem.
573 3475 777 3527 Cosano.
808 3474 1072 3524 Salutaris
1090 3474 1336 3522 virtutum
1354 3487 1484 3537 prae·

417 3562 597 3619 eepta,
617 3555 759 3603 velut
795 3555 958 3602 solers
990 3559 1046 3601 et
1083 3557 1330 3600 accurata
1360 3549 1483 3600 vitae

416 3635 655 3684 bumana
679 3633 876 3694 regula,
910 3629 1302 3691 demonstravit,
1325 3627 1484 3677 intor-

419 3718 501 3762 tos
546 3717 603 3761 et
645 3723 833 3773 pravos
876 3722 1044 3758 mores
1086 3705 1289 3767 fallere,
1333 3711 1389 3755 et
1431 3706 1484 3755 in

392 3801 653 3842 :errorem
695 3792 752 3835 et
794 3785 1011 3834 exitium
1059 3782 1487 3833 Μάκετα-δὀ-

390 3862 556 3925 jem]
590 3861 881 3925 Ingeniosa.
949 3860 1124 3909 Dubia.

394 3972 431 3987 ..
487 3945 553 3991 38
582 3940 842 4003 Apposita]
878 3937 1118 3999 Metaph.
1155 3951 1186 3985 a
1222 3935 1487 3986 fabrorum

391 4060 402 4073 .
422 4032 606 4069 norma
626 4018 710 4066 vel
745 4015 955 4077 regula;
991 4014 1042 4062 id
1076 4020 1176 4077 est,
1210 4015 1375 4064 Recta
1399 4021 1489 4062 tua

392 4124 403 4151 1
422 4094 605 4158 regula
622 4093 883 4156 adposita,
906 4091 1283 4140 demonstravit
1303 4104 1486 4140 curvos

389 4158 595 4221 'mores
622 4184 723 4219 non
762 4184 879 4218 esse
917 4174 1108 4231 rectos,
1129 4176 1187 4218 et
1208 4167 1417 4231 fallere,
1435 4173 1490 4216 et

394 4284 407 4293 ·
426 4264 464 4299 a
484 4256 633 4300 recto
657 4247 918 4299 aberrare.

394 4368 403 4379 .
491 4330 560 4377 89
592 4327 680 4396 Et,
698 4325 806 4392 ξε.)
836 4323 1193 4376 certissimum
1215 4321 1355 4374 enim
1374 4336 1490 4388 pro-

2483 387 2617 457 Q

1545 546 1718 598 fectus
1739 547 2124 611 documentum,
2143 545 2235 598 ubi
2256 545 2372 613 quis
2393 546 2494 597 sibi
2515 546 2619 612 ipsi

1546 625 1802 689 imperare
1841 625 2050 690 incipit,
2108 632 2165 676 et
2201 624 2471 689 appetitus
2532 626 2615 675 vel

1556 400 1724 452 SAT.
1770 404 1838 453 V·

1530 703 1747 752 -animus
1770 702 2401 767 subjicitur.—Premitur]
2435 702 2484 752 A
2501 716 2617 754 rec·

1549 786 1604 830 ta
1624 779 1828 830 ratione
1850 778 2468 844 subjugatum-Animas]
2494 780 2615 831 Hoc

1546 858 1662 907 loco
1680 872 1775 922 pro
1789 857 1880 908 Ira
1894 865 1950 908 et
1963 858 2078 908 aliis
2095 855 2371 908 affectibus
2386 858 2618 921 ponitur.

1546 933 1789 984 Lubin.·-
1798 933 2045 999 Vincique,
2065 934 2171 997 &cI-l
2211 933 2379 984 Recte
2402 934 2619 987 laborate

1548 1018 1633 1061 est
1670 1012 1806 1062 enim
1849 1011 1999 1062 labor
2036 1010 2214 1075 ingens
2254 1017 2310 1060 et
2347 1018 2617 1062 certamen

1548 1090 1783 1153 arduum,
1806 1089 2012 1156 quando
2034 1089 2163 1140 vitia
2184 1090 2395 1140 domare
2417 1089 2620 1143 nititur.

1531 1168 1757 1218 'Genua

1613 1250 1680 1297 40
1713 1246 2046 1313 Artifices-que
2076 1244 2181 1307 tuo]
2232 1241 2448 1297 Animus
2470 1257 2615 1295 meas

1549 1325 1694 1376 rudis
1728 1331 1784 1375 et
1823 1323 2074 1385 informis,
2102 1321 2201 1371 sub
2231 1326 2320 1370 tua
2341 1319 2619 1384 disciplina

1549 1409 1607 1452 et
1629 1400 1975 1462 institutione,
2008 1405 2253 1463 tanquam
2281 1396 2377 1446 sub
2411 1396 2623 1460 pollice,

1550 1485 1607 1529 et
1643 1492 1800 1528 manu
1855 1475 2089 1539 artificis,
2121 1473 2457 1525 artificiosum
2508 1474 2618 1523 vul-

1524 1562 1664 1607 .tum
1694 1555 1862 1617 ducit,
1898 1560 1954 1603 et
1984 1552 2215 1617 suscipit.
2251 1552 2423 1601 Dubia.
2490 1550 2617 1602 Ani-

1551 1648 1663 1683 mus
1700 1635 1869 1682 ducere
1916 1632 2099 1682 vultum
2139 1630 2353 1690 dicitur,
2409 1628 2618 1694 qnando

1550 1713 1700 1763 bonis
1740 1710 1970 1761 moribus
2006 1708 2355 1758 informatur:
2401 1721 2618 1771 quorum

1553 1805 1793 1857 persaepe
1829 1791 1919 1839 dat
1956 1786 2385 1852 significationem
2426 1786 2622 1836 vultus.

1556 1864 2101 1930 casaub—Artificem]
2144 1864 2279 1915 Arte
2301 1861 2512 1923 factum,
2532 1861 2619 1911 vel

1552 1957 1744 2008 magna
1766 1957 1890 1993 cura
1928 1947 2083 2005 atque
2121 1946 2234 1988 arte
2270 1938 2616 1987 elaboratum.

1555 2020 1768 2068 Mallem
1814 2016 1918 2080 legi
1975 2012 2367 2081 artificia—Sub
2427 2011 2618 2075 pollice]

1552 2096 1662 2145 Sub
1685 2093 2011 2144 institutione
2034 2099 2090 2142 et
2125 2088 2489 2141 informatione
2512 2097 2620 2139 tua.

1554 2173 1709 2222 Idem.

1619 2253 1683 2299 41
1718 2249 1907 2311 Tecum,
1929 2245 2035 2311 ξω]
2088 2247 2277 2296 Sensus
2316 2249 2428 2295 est:
2482 2241 2621 2296 Quin

1554 2325 1733 2387 etiam,
1757 2340 1788 2375 o
1812 2325 2058 2386 Cornute,
2085 2320 2385 2387 quotidiana
2408 2332 2623 2369 consue-

1555 2400 1740 2451 tudine
1764 2406 1820 2450 et
1856 2397 2208 2448 familiaritate
2228 2397 2358 2446 adeo
2378 2395 2625 2460 conjunc-

1553 2479 1752 2529 tissime
1775 2484 1951 2539 tecum
1971 2475 2164 2525 vixisse
2203 2472 2429 2536 memini,
2448 2477 2508 2522 ut
2528 2471 2628 2522 eti·

1553 2572 1635 2606 am
1657 2557 1840 2619 longos
1860 2553 1969 2603 dies
1991 2552 2264 2617 colloquiis
2281 2547 2624 2600 familiaribus

1554 2642 1730 2686 tecum
1752 2630 2102 2683 contriverim.
2147 2629 2297 2678 Idem.

1620 2715 1686 2760 42
1721 2711 1810 2773 Et,
1829 2706 1939 2773 ξω]
1971 2707 2020 2756 N
2028 2721 2088 2756 ec
2105 2705 2292 2755 diurno
2306 2705 2470 2752 solum
2494 2708 2625 2752 tem-

1556 2801 1685 2852 pore
1725 2785 1825 2836 tibi
1864 2785 2047 2834 adesse
2082 2782 2310 2842 memini,
2346 2779 2441 2829 sed
2484 2793 2626 2843 soepe

1558 2871 1732 2914 tecum
1764 2875 1994 2922 coenare,
2039 2867 2092 2908 et
2132 2859 2270 2908 inter
2315 2855 2626 2919 epulandum

1557 2939 1750 3003 primas
1781 2935 1949 2987 noctis
1985 2940 2161 2998 partes
2185 2939 2243 2982 et
2277 2934 2425 2981 boras
2450 2931 2628 2980 decer-

1558 3028 1702 3080 pere.
1736 3012 2195 3071 Lubiu.—Primas,
2215 3008 2327 3073 isa]
2375 3007 2628 3057 Convivia

1558 3092 1716 3156 paulo
1740 3096 1862 3139 ante
1885 3095 2112 3147 noctem,
2135 3088 2231 3135 boc
2256 3093 2358 3146 est,
2386 3092 2504 3146 post
2536 3083 2625 3132 ho·

1558 3183 1670 3217 ram
1692 3166 1945 3217 decimam
1972 3182 2003 3215 a
2026 3163 2210 3214 sobriis
2248 3163 2548 3223 adibantur,
2569 3165 2631 3211 et

1557 3247 1612 3295 in
1656 3247 1872 3310 primam
1920 3250 2127 3293 noctem
2175 3241 2628 3306 protrahebantur.

1559 3323 1755 3372 Prima
1784 3321 1962 3386 itaque
2000 3318 2176 3381 noctes,
2214 3317 2322 3366 sive
2365 3330 2517 3364 unam
2538 3321 2630 3365 ant

1559 3399 1774 3449 alteram
1796 3399 1974 3446 horam
2011 3394 2202 3458 noctis,
2232 3394 2349 3444 cibo
2383 3389 2631 3441 sumendo

1558 3475 1950 3540 impendebant.

1624 3557 1689 3602 43
1719 3549 2013 3614 Πηιιιιι,ᾂ·σ.]
2036 3550 2100 3601 Id
2118 3557 2217 3610 est,
2235 3548 2428 3598 Iisdem
2446 3544 2629 3595 studiis

1561 3644 1888 3690 exercemur,
1907 3628 2091 3678 eodem
2113 3627 2225 3676 ocio
2248 3624 2484 3674 fruimur.
2528 3624 2630 3673 Ea-

1562 3708 1681 3757 dem
1728 3706 1902 3756 studia
1943 3712 2164 3769 uterque
2215 3701 2528 3765 appetimus,
2572 3704 2630 3749 et

1564 3797 1878 3833 aversamur.
1918 3779 2122 3831 Cosano.

1628 3866 1693 3912 44
1728 3863 1906 3925 Atque,
1921 3860 2025 3924 Esou]
2074 3858 2137 3907 Id
2172 3864 2271 3918 est,
2305 3854 2552 3904 Honestis
2573 3862 2632 3905 et

1565 3938 1813 3989 modestis
1838 3936 1902 3986 ad
1929 3949 2157 3984 mensam
2181 3932 2520 3994 sermonibus,
2547 3931 2630 3996 jo·

1565 4017 1640 4065 cis
1660 4022 1714 4064 et
1737 4014 1945 4075 salibus,
1967 4011 2106 4061 seria
2122 4010 2210 4059 illa
2234 4016 2291 4058 et
2313 4021 2496 4056 severa
2518 4020 2633 4072 gra-

1564 4093 1761 4141 viorum
1800 4090 2106 4151 studiorum,
2141 4088 2375 4136 laxamus
2413 4091 2470 4134 et
2506 4089 2634 4135 tem·

1565 4183 1827 4234 per-amus.
1861 4166 2032 4216 Labi-2.

1630 4249 1695 4295 45
1731 4246 1861 4308 Non,
1879 4242 1985 4306 δῖα]
2020 4243 2210 4291 Sensus
2229 4248 2341 4290 est:
2397 4239 2516 4288 Non
2539 4234 2634 4286 du-

1567 4321 1679 4373 bito
1711 4321 1838 4387 quin
1867 4318 2178 4384 arctissimi,
2209 4325 2369 4384 atque
2401 4313 2534 4365 adeo
2556 4310 2635 4363 fa·
