3084 4934
556 392 691 464 258

560 572 657 609 nus
679 556 722 608 si
744 558 935 608 rimosa
955 555 1076 622 siut,
1099 554 1281 606 surdus
1313 561 1370 607 et
1403 569 1627 606 raucus:

538 638 638 688 'sin
672 638 893 700 sincera,
925 636 1283 696 acutus.—-Et,
1305 634 1411 700 ζα]
1445 636 1630 686 Altera

560 715 807 779 allegoria
828 714 894 762 ab
916 713 1318 777 expolitionibus
1350 714 1628 778 parietum,

560 791 746 858 quibus
788 807 919 855 opus
955 791 1229 840 tectorium
1265 789 1330 839 ad
1360 802 1627 839 ornamen-

540 876 671 921 ·tum
704 869 1249 932 illinitur.——Tectoria]
1285 870 1630 933 Tegumenta,

559 955 616 999 et
637 947 800 999 fucati
824 950 1040 997 colores.
1112 950 1261 997 Idem.

620 1029 687 1075 26
722 1025 841 1086 Hic,
884 1024 992 1089 mu]
1040 1026 1184 1074 Finis
1243 1031 1299 1075 et
1354 1025 1660 1076 consilium.

554 1101 665 1152 voti
707 1100 790 1152 bic
830 1102 1159 1165 exprimitur.
1246 1103 1321 1152 Ut
1369 1102 1628 1166 nimirum,

558 1184 750 1245 quanto
794 1193 967 1227 amore
1007 1179 1189 1229 intimo
1243 1185 1623 1245 praeceptorem

554 1268 704 1306 suum
740 1262 1105 1321 prosequatur,
1138 1272 1271 1321 pura
1306 1265 1362 1308 et
1406 1270 1510 1307 uon
1546 1254 1626 1305 fu-

552 1340 676 1384 cata
696 1334 946 1397 oratione,
970 1335 1141 1400 eloqui
1164 1343 1220 1385 et
1250 1335 1486 1402 proferre
1510 1352 1626 1401 pos-

553 1409 835 1476 siu—Hic]
872 1412 958 1461 Ob
981 1412 1098 1474 hoc,
1119 1413 1201 1461 vel
1236 1413 1301 1463 ob
1335 1414 1467 1463 hanc
1503 1429 1625 1463 cau-

552 1503 681 1539 sam.
715 1489 886 1540 Lubin.
928 1488 1035 1538 Alii
1056 1489 1256 1553 legunt,
1277 1491 1379 1548 his,·
1402 1490 1486 1540 Ad
1504 1490 1626 1553 ista,

554 1566 620 1615 ad
646 1565 1013 1616 declarandum
1036 1580 1206 1615 meum
1234 1566 1286 1614 in
1318 1572 1372 1615 te
1398 1566 1624 1616 animum

551 1650 606 1693 et
618 1642 876 1706 judicium
902 1642 968 1692 de
996 1648 1067 1693 te.
1138 1644 1340 1693 Casaab.

617 1723 680 1769 27
705 1719 934 1783 Simiam,
953 1721 1062 1784 ξε]
1096 1719 1216 1769 Hoc
1250 1726 1348 1778 est,
1370 1720 1437 1770 In
1468 1720 1625 1770 omni·

551 1795 645 1845 bus
691 1795 849 1845 etiam
885 1797 1079 1845 intimis
1112 1796 1269 1849 animi
1313 1797 1623 1848 recessibus.

533 1862 968 1934 'cmm—Fixi]
994 1872 1261 1936 Firmiter,
1282 1879 1338 1924 et
1357 1887 1622 1939 nunquam

546 1946 668 1997 inde
692 1947 1083 2012 exstirpandum
1105 1948 1315 1998 inserui.
1381 1948 1557 2000 Labin.

470 2022 477 2027 ’
528 2046 537 2051 ·
612 2030 678 2076 28
730 2026 872 2090 Voce,
914 2026 1024 2092 εἷα]
1088 2028 1343 2092 Candida,
1401 2028 1619 2078 sincera.

549 2096 791 2168 Respicit
833 2104 898 2153 ad
943 2105 1069 2154 illud
1119 2105 1375 2170 superius,
1418 2106 1436 2134 ⁴
1464 2106 1619 2169 pictoe

550 2181 776 2231 tectoria
797 2181 1022 2247 linguae?
1055 2182 1524 2245 laabim—Trahunt,
1556 2183 1622 2231 In

546 2257 812 2322 publicum
836 2258 1097 2323 proferam
1134 2266 1188 2309 et
1221 2261 1393 2324 palam
1414 2258 1620 2309 faciam.

545 2334 755 2385 Trahere
788 2352 882 2401 pro
917 2336 1110 2386 dicere.
1149 2337 1618 2387 Casaub.—.-Totmn·

545 2427 655 2475 que,
678 2414 783 2478 ἔξω]
804 2412 871 2462 Id
894 2420 994 2478 est,
1013 2415 1326 2465 Universum
1347 2414 1445 2465 hoc
1463 2430 1619 2480 quan-

545 2496 656 2537 tum
692 2498 941 2554 quantum
976 2491 1434 2555 est.—Resignent]
1476 2491 1621 2558 Ape-

543 2564 697 2628 riant,
733 2580 800 2614 ex
840 2573 1024 2629 operto
1068 2566 1121 2616 in
1166 2576 1405 2631 apertum
1444 2567 1618 2633 profe-

545 2647 683 2692 rant.
749 2642 923 2694 Lubin.

609 2722 676 2768 29
734 2719 895 2786 Quod]
948 2721 1010 2771 Iu
1056 2722 1255 2772 arcanis
1297 2722 1468 2773 cordis
1514 2723 1617 2773 mei

543 2801 924 2864 penetralibus,
948 2808 1003 2853 et
1035 2802 1231 2868 jecoris
1265 2803 1432 2868 fibris,
1463 2805 1615 2868 latet,

543 2883 605 2926 et
620 2877 979 2928 absconditum
1002 2886 1118 2930 est:
1141 2882 1370 2945 quamvis
1394 2882 1447 2931 id
1470 2883 1616 2933 nulla

542 2955 792 3005 orationis
824 2956 901 3006 vis
927 2957 1090 3022 possit
1114 2959 1424 3021 exprimere.
1476 2959 1616 3010 Quo·

542 3032 686 3082 circa
721 3048 813 3082 non
838 3014 1110 3084 enarrabile
1133 3035 1281 3099 dicit,
1304 3035 1614 3099 magnitudi-

539 3123 659 3158 nem
683 3112 873 3160 amoris
891 3113 1200 3176 exprimens.
1274 3114 1424 3161 Idem.

605 3191 670 3236 30
710 3188 795 3250 Ut,
817 3188 922 3253 θα]
958 3189 1226 3238 Hactenus
1256 3190 1399 3254 quasi
1424 3188 1610 3255 proefa-

540 3262 615 3312 tio
653 3268 709 3313 et
754 3264 1017 3327 praelusio,
1056 3279 1160 3329 qua
1200 3281 1424 3315 amorem
1462 3282 1610 3317 suum

537 3353 667 3403 erga
700 3339 984 3389 Cornutum
1024 3340 1402 3406 praeceptorem
1437 3344 1610 3394 decla-

537 3414 692 3464 ravit.
757 3415 876 3467 Jam
909 3416 1059 3478 hujus
1096 3419 1278 3467 amoris
1313 3434 1493 3468 causas
1519 3435 1609 3469 ex-

537 3492 722 3557 plicat,
748 3498 805 3542 et
827 3492 1084 3542 beneficia
1107 3494 1321 3544 Cornuti
1348 3495 1397 3544 in
1423 3511 1479 3547 se
1502 3497 1609 3547 col-

535 3570 646 3620 lata
672 3578 957 3623 enumerat.
1014 3572 1286 3621 Describit
1302 3581 1474 3622 autem
1500 3575 1607 3638 pri-

534 3664 620 3698 mo
642 3654 867 3713 tempus,
902 3664 1006 3714 quo
1046 3664 1101 3699 se
1136 3652 1456 3714 praeceptori
1478 3652 1605 3702 Cor-

530 3730 662 3773 nuto
688 3724 1064 3775 instituendum
1091 3726 1604 3791 “widin—Pavido]

534 3801 624 3851 Ob
669 3808 897 3865 uitatem,
942 3810 1154 3864 metum,
1178 3809 1239 3851 et
1275 3804 1601 3869 magistrum.

532 3878 671 3927 Nam
697 3879 761 3928 ad
786 3894 974 3928 annum
999 3880 1170 3929 aetatis
1195 3884 1272 3928 14.
1310 3894 1472 3944 usquc
1504 3880 1602 3930 sub

526 3954 807 4019 disciplina
833 3957 1175 4020 praeceptoris
1201 3967 1362 4005 erant.
1428 3956 1600 4020 Lubias.

531 4031 788 4094 —Custos,
811 4033 916 4095 ξω]
956 4033 1178 4085 Quando
1204 4034 1424 4095 primum
1452 4035 1599 4097 posui

526 4121 806 4171 piu-puram,
845 4111 897 4159 id
930 4119 1036 4172 est,
1067 4120 1238 4175 togam
1266 4120 1601 4174 praetextam,

525 4198 650 4248 quae
695 4200 854 4248 puero
897 4188 1037 4250 mihi,
1083 4204 1179 4252 pro
1220 4189 1437 4238 custode
1483 4187 1598 4239 fuit.

526 4260 610 4308 ‘Ea
628 4261 765 4311 enim
788 4264 946 4312 vestis
968 4278 1113 4314 sacra
1136 4264 1439 4328 habebatur,
1460 4264 1599 4316 dice-

518 4333 785 4402 baturque
822 4337 855 4399 ἦ
897 4338 998 4404 ἱερὰ
1040 4338 1194 4399 ἐσθής.

1269 410 1486 461 Nom
1533 410 1772 460 vauro
1784 392 1944 460 ami
1993 408 2080 460 m

1701 542 1936 620 purpura
1976 552 2284 618 neb-utar,
2312 566 2379 604 eo
2410 553 2528 619 ipso
2563 548 2767 603 nomina

1703 631 2024 681 venerabiles
2048 638 2104 681 et
2124 632 2293 682 sancti
2319 631 2644 682 habebantur
2659 648 2675 680 ι
2708 637 2769 681 ut

1702 709 1745 759 si
1767 710 1881 775 quis
1904 711 2237 760 contumeliae
2257 723 2418 760 causa
2445 722 2677 773 purpura
2696 709 2771 758 in-

1681 782 1917 849 *siguitos
1966 791 2325 847 attrectasset,
2369 794 2471 834 non
2509 784 2768 834 bominum

1702 867 1919 922 tantum,
1942 861 2036 911 sed
2059 867 2115 911 et
2135 863 2380 912 Deorum
2402 862 2525 925 jura
2554 862 2769 914 violasse

1699 936 2104 1002 intelligeretur.
2143 937 2345 988 Casa-b.
2412 936 2664 987 Praetexta
2686 951 2771 987 aa·

1700 1020 1805 1064 tem
1829 1022 1946 1065 erat
1968 1030 2131 1080 genus
2150 1017 2450 1066 vestimenti
2471 1016 2766 1080 oblongum,

1698 1098 1755 1143 et
1777 1092 1961 1152 talare,
1989 1093 2129 1158 quod
2159 1092 2441 1142 nobiliores
2477 1092 2630 1156 pueri
2651 1106 2767 1142 eum

1685 1170 1843 1220 bulla
1882 1170 2149 1234 gerebant,
2173 1168 2241 1218 ad
2273 1183 2464 1220 annum
2489 1168 2663 1219 aetatis
2686 1172 2769 1218 16.

1697 1248 1947 1312 ——Cessifl
1978 1247 2147 1311 Abiit,
2187 1246 2431 1310 deposita
2462 1254 2565 1309 est,
2597 1247 2768 1297 locam

1698 1323 1828 1373 daus
1854 1323 1988 1373 virili
2009 1330 2166 1389 togae.
2219 1322 2358 1373 Vide
2391 1323 2636 1372 Macrob.
2655 1322 2765 1373 Sat.

1700 1412 1741 1451 1.
1764 1405 1813 1451 6.

1763 1482 1826 1528 81
1862 1479 2124 1543 Bellaque]
2158 1479 2290 1527 Erat
2324 1476 2465 1527 bulla
2501 1488 2659 1526 aurea
2690 1476 2765 1526 iu-

1696 1554 2150 1618 signe¹puerorum
2179 1559 2637 1619 pretextatam,
2653 1568 2768 1604 cor·

1697 1630 1778 1680 dis
1817 1630 2037 1696 figuram
2083 1630 2327 1692 referens,
2355 1631 2515 1695 inque
2550 1633 2765 1694 pectore

1696 1707 2017 1772 dependens.
2083 1709 2214 1759 Cum
2246 1715 2422 1759 autem
2455 1716 2765 1772 praetextam

1696 1785 2030 1850 deponebant
2073 1800 2208 1836 anno
2251 1790 2333 1836 16.
2381 1786 2574 1847 aetatis,
2631 1787 2765 1838 lianc

1694 1863 1904 1913 bullam‘
1922 1862 2042 1913 Diis
2077 1862 2373 1913 domesticis
2406 1874 2762 1915 consecratam

1673 1938 1931 1990 'solebant
1974 1939 2225 2005 adfigere,
2270 1949 2330 1990 at
2367 1941 2597 2006 virgines
2639 1958 2764 2007 nup-

1695 2022 1826 2066 turae
1861 2031 2025 2082 pupas
2061 2033 2179 2067 suas
2199 2019 2391 2067 Veneri
2399 2018 2761 2085 e—Succinch's,

1693 2095 1801 2159 ζα]
1835 2095 1970 2147 Quia
2004 2095 2211 2146 Gabino
2242 2096 2444 2158 babitu,
2478 2096 2762 2162 cinctuque

1694 2172 1789 2222 Dii
1840 2173 2071 2224 Penates
2109 2171 2484 2237 formabantur,
2529 2174 2761 2225 obvoluti

1694 2256 1815 2314 toga
1837 2260 1994 2315 super
2024 2252 2294 2301 humerum
2326 2251 2614 2314 sinistrum,
2637 2251 2761 2302 dex-

1694 2335 1778 2380 tro
1802 2330 1958 2380 nudo.
2033 2331 2138 2381 Vet-
2162 2330 2637 2396 Sch.-—Succinetis]
2668 2333 2761 2383 Ca-

1693 2409 1816 2459 uiua
1837 2410 1976 2473 pelle.
1995 2410 2180 2460 velatis
2202 2416 2257 2460 et
2286 2411 2585 2474 succinctis,
2605 2425 2759 2476 supra

1664 2485 1958 2559 'humerum
2000 2487 2279 2552 sinistrum,
2325 2489 2513 2538 dextro
2550 2489 2759 2539 humero

1914 2564 2087 2615 Lubia-

1758 2645 1822 2690 32
1859 2642 1998 2705 Cum,
2019 2642 2124 2707 fisa]
2159 2644 2288 2692 Cum
2324 2649 2673 2694 assentatores
2702 2649 2758 2696 et

1692 2718 1909 2781 simileS,
1932 2719 2182 2783 juvenum
2221 2719 2387 2768 latera
2427 2719 2639 2784 cingere
2679 2736 2756 2772 so·

1691 2794 1821 2858 lent,
1840 2795 2038 2846 nudata
2077 2810 2107 2845 a
2145 2796 2459 2860 paedagogis,
2490 2797 2578 2862 qui
2608 2807 2755 2850 erant

1691 2873 1905 2923 comites
1941 2874 2447 2938 ingrati—Totaque,
2475 2875 2582 2940 ξω]
2627 2877 2755 2927 Cum

1690 2955 1814 3013 toga
1846 2949 2014 2999 libera
2050 2959 2107 3000 et
2143 2951 2303 3000 virilis
2343 2960 2624 3018 assumpta,
2664 2953 2754 3019 dat

1689 3034 2024 3092 potestatem,
2058 3030 2239 3092 amori,
2261 3030 2301 3077 si
2337 3029 2412 3079 ita
2453 3029 2653 3093 lubeat,
2678 3031 2751 3081 iu-

1686 3102 1959 3169 dulgendi:
1984 3113 2041 3155 et
2064 3112 2176 3155 toto
2197 3107 2285 3154 illo
2307 3104 2485 3154 infami
2508 3107 2752 3157 Suburrae

1685 3184 1822 3247 vico,
1843 3183 2111 3249 quaerendi
2146 3183 2386 3234 Lesbiam
2422 3185 2644 3249 aliquam
2667 3188 2751 3235 vel

1687 3261 1918 3311 Laidem.
1962 3262 2162 3312 Camb.
2210 3263 2369 3311 Turn.
2410 3274 2506 3310 xx.
2548 3263 2751 3313 l.—Su-

1686 3337 1851 3404 burra]
1883 3339 2044 3389 Vicus
2082 3341 2260 3389 Romoe
2290 3339 2344 3388 in
2374 3340 2585 3405 antiqua
2623 3342 2748 3392 urbe

1685 3415 2048 3481 nobilissimus,
2090 3418 2179 3466 ubi
2218 3418 2551 3466 meretricum
2585 3419 2778 3469 diver·-

1684 3493 1808 3542 sorii
1847 3503 2018 3556 erant,
2063 3509 2179 3559 quae
2225 3494 2307 3543 hic
2345 3493 2636 3545 Saburram
2675 3496 2747 3546 di·

1684 3570 1890 3621 cuntur.
1925 3571 2099 3621 Lahir.

1746 3653 1808 3698 33
1849 3651 2092 3699 Candidus
2108 3648 2266 3711 ambo]
2277 3651 2639 3712 ’Συνεκδοχικὸσ
2652 3665 2744 3715 pro

1683 3731 1822 3791 toga.
1894 3725 2137 3792 Alioquin
2174 3733 2227 3775 et
2267 3726 2318 3775 in
2344 3734 2607 3790 praetexta
2628 3742 2744 3779 can-

1681 3801 1831 3851 didus
1851 3803 2003 3852 umbo
2028 3811 2125 3852 est.
2189 3803 2297 3852 Vet.
2319 3802 2744 3855 Solae-Candidus

1677 3880 1838 3943 ambo]
1862 3882 2004 3945 Toga
2030 3880 2185 3929 virilis
2208 3880 2328 3929 alba
2350 3886 2467 3929 erat
2490 3880 2602 3929 sine
2623 3895 2739 3945 pur-

1681 3971 1826 4020 pura.
1901 3957 2049 4007 Umbo
2086 3963 2229 4020 toga»,
2260 3966 2346 4007 est
2375 3964 2612 4006 centrum
2645 3957 2739 4023 pli*-

1677 4048 1853 4084 carum
1894 4035 1947 4082 in
1980 4041 2133 4098 toga:
2182 4036 2253 4083 sic
2288 4033 2423 4082 enim
2460 4033 2739 4084 lautiorum

1678 4117 1803 4175 toga
1841 4109 2266 4174 componebatur,
2295 4118 2354 4159 ut
2387 4110 2740 4173 corrugatain

1675 4189 1834 4237 multa
1857 4185 2135 4250 πτύγματα,
2158 4186 2333 4250 clypei
2363 4187 2590 4250 speciem
2611 4201 2740 4250 prae·

1676 4264 1859 4315 beret·
1895 4265 2043 4328 cujus
2066 4273 2305 4315 centrum
2328 4264 2539 4328 proprie
2562 4265 2739 4329 appel·

1693 2563 1851 2614 undo.

1285 4341 1462 4395 Quare
1505 4343 1596 4409 qui
1671 4341 1828 4393 latur
1850 4342 2003 4394 ambo.
2016 4342 2351 4429 -Spizrsisse,
2391 4342 2530 4409 ξω]
2549 4338 2737 4396 omnia
