3084 4934
1124 418 1137 460 ὲ
1174 458 1183 463 .
1256 420 1534 483 sA'rmA
1595 437 1646 485 1.
2467 439 2557 507 35

350 548 632 638 ng'uls
659 563 1079 645 aqualiculus
1105 570 1435 658 propenso
1465 586 1865 668 sesquipede
1894 597 2112 660 exstet
2429 605 2436 612 '

351 653 412 722 Ο
437 657 610 724 Jane
634 662 725 755 {a
750 669 931 749 tergo
961 690 1154 754 quem
1181 678 1363 742 nulla
1392 683 1653 750 ciconia
1676 690 1901 770 pinsit,
1923 722 1930 731 κ

347 755 498 824 Nec
526 768 1120 840 manus'auriculas
1146 776 1402 847 imitata
1431 792 1533 851 est
1562 791 1829 856 mobilis
1860 795 2057 877 altaS,

346 860 496 929 Nec
522 866 788 952 linguae,
820 883 1138 958 quantum
1169 883 1357 950 sitiat
1386 891 1572 954 canis
1606 890 1897 978 Appula,
1929 903 2222 969 tantum!
2456 912 2545 978 60

337 1100 721 1166 quandoquidem,
743 1121 773 1154 o
799 1107 961 1172 Coloe,
997 1110 1090 1160 tibi
1107 1115 1341 1176 prominet
1360 1123 1526 1168 venter
1548 1121 1723 1187 obesus,
1747 1140 1837 1176 uno
1862 1131 1981 1192 pede
2000 1137 2047 1182 et
2068 1134 2265 1186 dimidio
2284 1147 2543 1202 protensus.

344 1165 389 1211 Ο
411 1162 542 1214 felix
563 1169 710 1231 June,
746 1187 880 1237 quens
899 1190 931 1222 a
967 1181 1102 1238 tergo
1133 1182 1266 1228 nulla
1288 1183 1449 1232 tundit
1479 1186 1679 1250 ciconia,
1713 1206 1860 1255 neque
1892 1211 2058 1247 manus
2090 1200 2272 1265 inflexa
2311 1211 2547 1271 expressit

334 1243 471 1278 aures
500 1232 633 1282 asini
669 1235 828 1295 ulbas;
861 1254 1008 1304 neque
1044 1243 1227 1294 irridet
1264 1254 1461 1299 exertae
1500 1250 1682 1314 linguoe
1720 1262 1921 1322 tantum,
1955 1269 2178 1325 quantum
2220 1272 2391 1322 exerit
2414 1276 2544 1325 canis

1263 1407 1588 1430 ‘OOOO‘OOOOO

335 1494 400 1538 56
434 1493 566 1549 Quia
577 1501 690 1560 pote
710 1499 814 1550 Ms.
839 1504 1033 1554 R.—5s
1059 1506 1417 1575 Antiquissimi
1439 1514 1646 1579 quidam
1670 1518 1854 1570 Critici
1876 1521 2118 1587 legerunt
2137 1527 2279 1589 piarat,
2303 1532 2383 1580 vel
2399 1533 2537 1596 picit.

338 1555 620 1610 Casaubon.
640 1564 806 1626 pinxit
833 1568 932 1620 Ms.
957 1571 1209 1624 Gal.—59
1243 1576 1440 1627 Omnes
1475 1579 1586 1630 fere
1609 1583 1864 1634 editiones
1900 1596 1956 1637 et
1992 1592 2303 1645 membrana».
2339 1597 2537 1650 habeut

332 1620 609 1676 albat—oo
642 1634 793 1680 tantoe
831 1633 933 1686 Ms.
971 1636 1037 1688 R.
1102 1643 1252 1690 tantoe
1287 1642 1479 1695 habent
1513 1649 1843 1700 membranae.
1910 1652 2048 1705 Puto
2092 1662 2263 1710 tamen
2301 1661 2538 1716 Persium

1329 1861 1547 1914 NOTAE

400 1954 486 2005 Vis
514 1960 691 2025 dicam]
768 1968 926 2021 Visne
970 1978 1029 2023 ut
1071 1987 1169 2038 ego
1211 1991 1389 2027 verum
1470 1995 1648 2031 manus
1669 1984 1760 2034 sed
1784 1987 1906 2036 colli
1942 1992 2245 2041 extensione
2282 2002 2403 2057 post
2441 1997 2533 2046 ali-

326 2028 546 2096 ingenue
568 2038 665 2087 tibi
683 2041 871 2109 dicam,
888 2049 1025 2112 quod
1047 2049 1241 2102 frustra
1256 2069 1392 2117 quae-
1470 2073 1642 2122 quem,
1679 2062 1841 2113 instar
1880 2066 2189 2116 ciconiarum
2229 2070 2414 2121 collum
2447 2087 2536 2127 ex-

327 2107 394 2157 ris
417 2111 485 2159 ab
502 2114 888 2174 adulatoribus?

388 2187 626 2254 Ningum,
649 2210 753 2244 cum
776 2198 884 2263 tibi,
920 2203 1027 2268 ξω]
1075 2205 1243 2269 Nugae
1268 2215 1388 2259 sunt

326 2268 414 2312 tua
437 2269 663 2318 carmina
684 2279 738 2322 et
759 2275 975 2341 ineptiae
996 2298 1008 2328 :
1035 2296 1244 2347 operam
1269 2302 1386 2350 per-

323 2337 402 2388 dis
435 2340 489 2390 in
525 2346 776 2399 cudendis
816 2356 1064 2420 versibus,
1102 2377 1227 2426 quos
1259 2380 1386 2414 nun·

324 2430 473 2479 quam
501 2419 664 2472 bonos
696 2424 876 2479 facies.
946 2434 1079 2484 Nam
1105 2439 1308 2504 pinguis
1331 2450 1387 2492 et

320 2493 506 2545 obesus
544 2509 725 2552 venter
762 2508 1003 2562 subtilem
1042 2529 1244 2567 sensum
1283 2536 1386 2570 non

320 2575 563 2640 parturit,
588 2578 746 2640 juxta
771 2583 1014 2638 Graecum
1037 2591 1185 2658 illud,
1205 2601 1384 2660 παχεῖα

318 2648 505 2714 γαστὴρ
519 2654 699 2703 λεπτὸν
718 2658 774 2705 οὐ
793 2659 943 2711 τίκτει
965 2666 1087 2718 νοόν.

379 2730 443 2776 57
509 2730 839 2802 „aqualia-idus]
894 2743 1270 2799 Diminutivum
1314 2753 1380 2803 ab

316 2883 412 2942 est,
448 2880 502 2928 in
542 2899 642 2948 quo
669 2887 852 2940 bibunt
877 2897 1048 2957 porci:
1086 2917 1380 2967 quanquam

316 2953 574 3019 significat
588 2963 744 3014 etiam
770 2971 964 3020 ventris
987 2973 1137 3025 imam
1160 2989 1380 3043 partem.

376 3038 440 3083 58
479 3037 525 3084 0
543 3039 693 3105 June]
724 3045 890 3098 Jauus
913 3052 1080 3116 DeuS‚
1105 3058 1188 3105 cui
1210 3058 1382 3111 binam

313 3106 540 3161 frontem
590 3116 838 3173 affinxere
883 3136 1116 3181 veteres:
1172 3135 1308 3185 unde
1351 3154 1383 3188 a

313 3194 460 3254 tergo
482 3193 709 3249 derideri
730 3216 831 3252 non
851 3221 999 3268 posse
1020 3209 1241 3266 affirmat
1256 3217 1384 3267 Per-

313 3265 437 3331 sius,
459 3270 682 3337 hincque
706 3276 909 3331 felicem
929 3300 1042 3336 esse
1066 3291 1156 3340 ait.
1227 3293 1379 3344 Quod

312 3342 355 3391 si
389 3344 651 3399 Poetastri
691 3353 807 3404 bina
844 3361 1042 3422 pariter
1078 3365 1252 3420 fronte
1298 3388 1377 3423 es·

311 3428 446 3483 sent,
469 3423 752 3479 derisiones
777 3449 808 3480 a
831 3441 979 3501 tergo
1004 3442 1246 3504 plurimas
1270 3450 1376 3498 evi-

311 3505 503 3563 tarent,
546 3511 637 3554 aut
677 3510 859 3560 saltem
903 3516 1164 3583 videntes,
1222 3540 1372 3588 quam

310 3575 413 3626 sint
436 3579 644 3631 ridiculi
681 3595 901 3642 nossent.
966 3594 1047 3644 De
1083 3598 1217 3649 Jano
1255 3603 1374 3669 lege

308 3652 350 3699 si
373 3654 448 3703 vis
464 3657 704 3709 Macrob.
729 3664 933 3733 Saturn.
959 3684 997 3720 1.
1017 3677 1065 3721 9.

371 3731 524 3781 Nulla
560 3736 739 3788 ciconia
766 3743 941 3810 pinsit]
971 3748 1035 3799 Id
1072 3759 1171 3818 est,
1207 3758 1373 3807 nullus

306 3803 498 3872 digitus
522 3815 585 3862 ad
610 3818 819 3869 modum
851 3827 1008 3876 rostri
1047 3830 1260 3882 ciconiae
1284 3849 1372 3883 ex-

309 3894 517 3951 tensu83
556 3897 691 3957 quod
733 3899 952 3961 primum
987 3913 1065 3955 est
1101 3908 1371 3960 derisionis

307 3979 481 4029 genus.
580 3973 652 4021 D.
701 3975 1006 4048 Hieronym.
1055 3982 1266 4036 Praefat.
1311 3988 1366 4036 in

302 4041 649 4106 Sophoniam:
685 4051 775 4101 ‘Si
813 4057 1008 4106 scirent
1044 4060 1270 4112 Holdam
1292 4065 1365 4114 vi-

301 4118 371 4168 ris
396 4125 691 4191 tacentibus
715 4133 1068 4199 prophetasse,
1104 4153 1367 4205 nunquam

301 4204 664 4265 post‘tergum
695 4222 862 4258 meum
897 4225 1102 4263 manum
1132 4216 1366 4269 incurva-

300 4280 416 4323 rent
437 4276 489 4326 in
512 4278 799 4337 ciconiam?
864 4286 967 4337 Alii
991 4296 1164 4344 tamen
1186 4296 1367 4346 volunt

302 4349 609 4414 derisionem
652 4361 792 4414 illam
834 4364 950 4416 fieri
993 4368 1215 4435 solitam,
1259 4385 1366 4422 non

1470 2137 1808 2191 tendentium.

1459 2214 1616 2277 juvat
1635 2218 1708 2266 D.
1738 2218 2042 2284 Hieronym.
2080 2223 2193 2272 loco
2225 2239 2343 2274 mox
2365 2227 2532 2277 citan-

1468 2289 1553 2355 do,
1574 2290 1641 2340 ad
1665 2293 1865 2344 Rustic.
1883 2297 2124 2349 Monach.

1531 2374 1597 2418 59
1631 2370 1733 2419 Nec
1773 2387 1939 2421 manus
1974 2376 2235 2441 auriculas]
2286 2376 2529 2431 Alterum

1465 2452 1551 2513 est
1606 2448 1874 2499 derisionis
1930 2467 2108 2518 genus,
2163 2455 2413 2519 appositis
2461 2459 2529 2508 ad

1468 2529 1703 2588 tempora
1742 2527 2032 2594 pollicibuS‚
2074 2531 2201 2580 alios
2242 2532 2431 2597 digitos
2472 2541 2529 2586 et

1464 2602 1709 2669 reliquam
1748 2621 1955 2656 manum
1992 2623 2203 2661 movere
2245 2626 2306 2662 eo
2350 2612 2526 2677 modo,

1462 2695 1564 2745 quo
1588 2680 1756 2731 asinus
1781 2691 1953 2734 movet
1974 2701 2137 2738 aures.

1524 2757 1691 2822 Altus]
1721 2761 1871 2825 Vulg.
1897 2761 2044 2827 albas,
2088 2763 2211 2829 quia
2233 2764 2366 2816 intus
2390 2766 2523 2822 albae

1460 2842 1581 2886 sunt
1603 2851 1753 2886 aures
1776 2839 2002 2890 asininae.

1525 2917 1591 2962 60
1626 2916 1728 2965 Nec
1750 2915 1942 2980 lingnae,
1962 2916 2211 2983 quantum]
2261 2919 2376 2969 Nec
2411 2919 2522 2973 irri-

1462 2987 1555 3038 det
1577 2997 1630 3042 te
1648 2997 1916 3055 protracta
1938 3000 2140 3045 tantum
2157 2996 2344 3059 lingua,
2364 3013 2523 3061 quan-

1462 3072 1573 3115 tum
1596 3070 1899 3132 protrahere
1922 3072 2092 3122 solent
2105 3087 2255 3122 canes
2273 3073 2524 3125 sitibundi

1460 3145 1513 3193 in
1537 3147 1750 3210 regione
1772 3148 1958 3201 calida.
1991 3150 2006 3175 ⁴
2030 3150 2146 3197 Tria
2182 3159 2301 3203 sunt
2338 3166 2521 3202 sanna-

1461 3236 1571 3271 rum
1598 3237 1814 3285 genera:
1849 3233 1941 3274 aut
1963 3240 2114 3275 manu
2136 3225 2425 3290 significare
2451 3230 2523 3279 ci·

1457 3301 1690 3363 coniam3
1766 3310 1858 3351 aut
1901 3304 2137 3368 apposito
2197 3306 2521 3370 temporibus

1456 3376 1664 3441 pollice,
1719 3380 1973 3429 auriculas
2016 3382 2256 3444 asininas,
2300 3389 2391 3431 aut
2429 3385 2523 3434 lin-

1457 3469 1612 3517 guam
1658 3455 1881 3506 sitientis
1925 3457 2103 3507 canis!
2196 3460 2329 3509 Haec
2376 3468 2519 3512 vetus

1453 3531 1628 3582 Scliol.
1653 3535 1723 3583 D.
1746 3540 1918 3584 autem
1956 3536 2258 3600 Hieronym.
2294 3537 2348 3585 in
2371 3539 2520 3601 Epis-

1454 3609 1561 3657 tola
1603 3608 1669 3658 ad
1704 3611 1975 3661 Rusticum
2016 3613 2355 3664 Monachum:
2393 3614 2410 3641 ‘
2434 3617 2519 3666 Ne

1452 3686 1669 3747 credas‚'
1714 3687 1899 3752 inquit,
1944 3688 1959 3716 ‘
1985 3688 2354 3752 laudatoribus,
2412 3689 2517 3743 imo

1452 3764 1765 3828 irrisoribus,
1800 3766 2025 3829 quicum
2051 3772 2103 3815 te
2138 3766 2517 3818 adulationibus

1451 3840 1557 3889 suis
1579 3839 1821 3905 foverint,
1841 3842 1886 3891 si
1905 3843 2076 3891 subito
2094 3843 2404 3907 respexeris,
2426 3850 2518 3899 aut

1453 3917 1769 3967 ciconiarum
1793 3918 2148 3982 deprehendes
2170 3927 2286 3982 post
2305 3925 2361 3968 te
2384 3921 2517 3973 colla

1449 3995 1675 4055 curvari,
1714 4002 1804 4042 aut
1840 4010 1992 4044 manu
2030 3996 2285 4047 auriculas
2328 3998 2515 4060 agitari

1449 4070 1599 4132 asini,
1637 4078 1727 4118 aut
1762 4077 2069 4125 aestuantem
2093 4073 2235 4122 canis
2271 4074 2513 4136 protendi
2559 4076 2576 4083 '

1445 4144 1708 4209 linguam!

1514 4221 1663 4271 Canis
1681 4220 1894 4289 Appula]
1929 4223 2121 4288 Apulia
2159 4225 2330 4277 Italiae
2369 4225 2510 4290 regio

1446 4313 1625 4347 versus
1648 4299 1834 4348 ostium
1856 4298 1996 4352 sinus
2017 4299 2295 4355 Adriatici.
2354 4302 2511 4353 Poni·
2553 4320 2562 4325 ⁴

1448 4381 1535 4425 tur
1556 4390 1653 4441 pro
1675 4376 1906 4442 qualibet
1923 4377 2132 4442 regione
2150 4377 2336 4432 calida.

1898 2144 2065 2197 Quod,
2099 2146 2444 2212 verisimilius,
2477 2157 2533 2203 et
2631 2165 2640 2173 ·
