3084 4934
1136 442 1395 500 rnen
1456 442 1623 497 sm.
1649 429 1761 497 vt.

414 592 480 641 18
513 586 904 655 Discrepet,&e.]
946 588 1140 641 Sensus
1155 597 1271 647 est:
1297 593 1410 656 Ege

350 667 559 733 quidem
603 668 679 716 ita
725 668 856 730 vivo,
905 681 1005 718 nec
1046 675 1229 719 contra
1272 664 1415 731 dico,

350 745 472 809 quin
494 744 583 793 alii
605 745 759 794 aliter
789 745 985 806 vivant,
1019 751 1081 810 et*
1104 746 1183 795 illi
1206 746 1412 811 quidem

348 820 671 892 discrepent,
686 828 739 871 et
751 821 1039 873 dissideant
1050 823 1116 873 ab
1125 823 1266 873 hisce
1283 823 1433 872 meis‘

346 898 598 949 moribus.
683 900 782 949 Est
826 905 998 952 autem
1039 900 1328 950 concessio.
1347 925 1413 937 —-

353 973 596 1036 Gentinos,
613 973 718 1037 ξω]
752 975 800 1023 Ο
826 975 1152 1039 Horoscope,
1173 976 1259 1041 qui
1283 989 1417 1025 unus

350 1055 409 1099 et
428 1049 566 1100 idem
589 1066 666 1112 es,
691 1057 862 1100 tamen
886 1051 1127 1115 producis
1159 1053 1212 1100 iu
1245 1052 1414 1101 lucem

351 1126 584 1191 geminos
628 1127 827 1178 eisdem
867 1129 1193 1192 parentibus,
1231 1129 1413 1178 eodem

355 1208 592 1266 tempore
631 1210 788 1266 satos,
814 1210 870 1253 et
907 1211 1075 1268 natos,
1105 1205 1244 1255 vario
1274 1205 1419 1269 inge·

351 1279 458 1342 nio,
487 1279 819 1330 dissimilibus
843 1280 1041 1345 studiis,
1076 1281 1292 1331 diversis
1313 1296 1416 1331 mo·

351 1356 871 1422 ribus.--Horoscope]
893 1357 1035 1408 Illud
1043 1358 1291 1422 temporis
1307 1373 1415 1407 mo-

351 1440 581 1483 mentum
607 1440 707 1496 est,
738 1434 877 1484 iutra
915 1435 1052 1497 quod
1087 1435 1302 1501 quisque
1325 1449 1416 1484 nan

344 1508 547 1560 scitur:
601 1512 746 1576 quasi
792 1512 1038 1576 temporis
1075 1513 1418 1578 inspectio.—

360 1585 510 1652 Varo]
556 1589 734 1652 Vario,
786 1588 1038 1653 dissimili,
1089 1589 1418 1643 dissentienti

352 1663 581 1728 ingenio„
617 1665 793 1715 Labie.

420 1743 485 1789 19
523 1740 776 1804 Producit]
831 1741 894 1793 In
935 1742 1102 1793 lucem
1156 1757 1222 1795 ex
1267 1749 1417 1794 utero

353 1821 591 1869 materno
608 1808 828 1880 profers.
895 1817 1090 1868 Contra
1108 1819 1282 1882 alogos
1301 1818 1418 1868 illos

354 1891 661 1957 astrologos,
702 1894 793 1958 qui
831 1900 1019 1958 putant
1061 1893 1242 1945 eodem
1294 1902 1421 1944 tem·

354 1984 502 2039 pore,
527 1976 581 2020 et
602 1972 697 2022 sub
720 1972 902 2022 eadem
928 1973 1319 2024 constellatione
1334 1989 1422 2024 na·

356 2056 455 2099 tos·
479 2050 715 2102 similiter
758 2066 874 2102 esse
930 2051 1422 2117 adfectos.—-Sdis,

354 2125 467 2192 qva]
510 2128 644 2178 Inde
676 2126 756 2191 fit,
777 2137 838 2178 ut
856 2129 994 2179 iuter
1012 2129 1243 2193 geminos
1266 2131 1422 2181 etiam

354 2203 493 2253 alter
512 2203 663 2264 sit‚et
677 2204 991 2266 inveniatur,
1010 2207 1103 2271 qui
1127 2208 1255 2257 adeo
1273 2206 1422 2259 vafre

356 2285 414 2328 et
437 2280 624 2329 callide
642 2296 760 2331 suas
784 2297 909 2345 opes
933 2281 1198 2346 adservet,
1216 2289 1275 2334 ut
1294 2283 1422 2333 alius

356 2362 592 2416 extreme
615 2359 850 2409 sordidus
869 2366 924 2409 et
942 2374 1141 2424 avarus,
1159 2363 1342 2411 misere
1364 2368 1422 2413 et

358 2434 592 2484 renuiter
647 2435 874 2499 victitet,
919 2436 1049 2486 alius
1084 2436 1280 2487 siccum
1310 2437 1422 2487 sine

358 2511 469 2563 ullo
498 2511 780 2576 liquamine
820 2514 932 2562 olus
976 2513 1247 2579 com-edan
1303 2515 1424 2565 solis

361 2596 534 2637 autem
573 2588 756 2638 diebus
800 2589 1058 2640 natalibus
1097 2591 1290 2642 lautius
1334 2592 1424 2642 ali·

358 2671 556 2728 quanto
612 2665 785 2715 vivere
830 2667 1101 2730 sustineat,
1140 2668 1254 2718 olus
1298 2668 1425 2719 alias

359 2738 557 2789 siccum
590 2740 776 2805 tingat,
794 2747 850 2791 et
883 2749 1063 2807 ungat,
1085 2743 1241 2809 idque
1262 2744 1427 2794 muria

362 2828 553 2878 genere
570 2816 859 2881 liquaminis
881 2819 1146 2885 vilissimo,
1162 2820 1351 2887 illaque
1372 2821 1427 2873 in

362 2890 528 2940 calice
558 2898 714 2943 emta.
765 2893 938 2944 Lusis.

425 2970 491 3017 20
524 2968 740 3033 fingat]
766 2970 979 3021 Leviter
1017 2978 1220 3038 tangat,
1248 2979 1309 3024 et
1339 2975 1431 3025 im-

362 3043 792 3110 buat—Siccam]
833 3046 1000 3112 Alias,
1023 3056 1079 3099 et
1108 3051 1249 3100 nullo
1270 3059 1429 3101 uncto

362 3125 448 3174 vel
468 3124 746 3190 liquamine
780 3127 1311 3193 imbutum—Murio]
1344 3129 1430 3179 Li.

358 3200 616 3265 quaminis
641 3216 802 3265 genus
846 3202 1160 3268 vilissimum,
1180 3205 1323 3270 qnod
1361 3219 1430 3255 ex

366 3277 675 3342 thynnorum
694 3278 816 3328 tabe
846 3279 1238 3345 conficiebatur,
1261 3286 1322 3331 ut
1344 3297 1431 3346 ga-

367 3369 483 3405 mm
504 3369 572 3405 ex
591 3355 962 3408 scombrorum.
1016 3358 1111 3408 Est
1120 3358 1284 3409 etiam
1299 3372 1434 3424 aqua

363 3432 580 3485 salsam
612 3448 714 3497 qua
751 3433 948 3500 aliquid
982 3432 1085 3485 fuit
1113 3441 1433 3486 maceratum

363 3514 459 3559 aut
499 3511 920 3575 servatume--Im
957 3511 1063 3576 ξω]
1122 3512 1188 3562 Id
1227 3519 1331 3577 est,
1368 3514 1435 3563 In

371 3585 563 3649 exiguo
588 3588 800 3637 vasculo
817 3602 993 3653 parce,
1020 3603 1087 3638 ne
1117 3588 1299 3639 diebus
1323 3605 1436 3654 pro-

368 3659 523 3712 festis
541 3663 738 3728 aliquid
754 3666 999 3729 supersit.
1069 3666 1245 3716 Mutia
1261 3673 1436 3721 autem

369 3746 430 3789 et
453 3739 637 3790 similia
655 3741 709 3791 in
732 3743 897 3793 calice
916 3758 1109 3810 emere,
1140 3746 1296 3796 moris
1319 3744 1438 3798 fuit.

367 3815 547 3866 Lubia-

428 3898 496 3943 21
544 3894 796 3960 Ipsam]
835 3895 898 3945 Id
921 3904 1018 3962 est,
1057 3898 1209 3950 Adeo
1228 3914 1439 3965 avarus,

363 3976 426 4020 et
446 3969 700 4033 sordidus,
720 3978 776 4020 ut
799 3971 948 4035 piper
963 3979 1205 4039 tanquam
1230 3991 1337 4028 rem
1359 3991 1438 4027 sa-

357 4060 517 4096 cram
554 4051 610 4096 et
644 4047 942 4111 religiosam
981 4049 1293 4117 minimeque
1330 4059 1442 4103 tan·

372 4124 618 4189 gendam,
639 4138 796 4192 parce
818 4123 1112 4191 admodum,
1134 4134 1193 4178 et
1222 4130 1442 4179 minuta-

374 4200 465 4248 tim
490 4199 682 4263 patinae
708 4199 945 4263 instillet,
964 4208 1023 4251 et
1059 4203 1204 4267 quasi
1235 4205 1441 4255 irroret.

354 4271 834 4340 ,--1ρ38]’Ἔμφσισισ.
873 4274 1004 4327 Aliis
1022 4277 1161 4331 enim
1195 4279 1309 4331 liaec
1339 4292 1444 4333 non

372 4351 851 4423 cenerediJae-Hio,
862 4351 975 4417 ism]
997 4354 1305 4421 Exemplum
1328 4370 1445 4420 pro-

376 4429 504 4495 digi.
571 4427 648 4479 At
670 4428 755 4480 hic
777 4429 924 4497 alius,
945 4432 1030 4482 vel
1061 4433 1196 4484 alter
1223 4447 1354 4501 puer
1379 4446 1447 4485 ex

2419 428 2564 501 2¹7⁷.

1489 586 2560 656 geministanqudmmgnaaintoebonorunt

1489 683 1693 717 suorum
1712 668 2208 731 possessionum&
2221 668 2356 730 bona,
2375 669 2558 733 ingen-⁵

1489 751 1570 795 tes
1590 754 1732 808 opes,
1755 746 1910 807 dente,
1928 746 2063 808 gula,
2076 747 2285 810 perag-it,
2300 745 2561 809 dilapidat·

1489 827 1546 870 et
1567 820 1802 870 absumit.
1840 820 1992 870 Idem.

1553 901 1618 947 22
1660 897 2022 962 Magnanimum]
2050 896 2218 947 Avari
2238 897 2376 948 enim
2398 896 2559 962 pusil-

1489 974 1724 1036 lanimes,
1764 980 1823 1024 ut
1852 974 1943 1039 qui
1983 973 2292 1037 habeantur,
2330 988 2435 1023 non
2471 975 2561 1024 ha-

1490 1050 1650 1100 beant
1673 1050 1899 1101 divitias.
1920 1050 2317 1115 laabim—Puer]
2341 1050 2444 1100 Hic
2461 1062 2562 1114 prot

1489 1129 1670 1191 stulto,
1701 1140 1804 1177 non
1833 1134 2013 1188 aetate,
2049 1126 2141 1177 sed
2180 1127 2425 1177 moribus.
2466 1124 2564 1177 Ca·

1489 1203 1839 1266 nauh—Utar,
1861 1205 1964 1269 ξω]
2002 1203 2068 1253 Id
2099 1210 2198 1265 est,
2234 1205 2350 1268 Ego
2384 1209 2562 1255 autem

1491 1290 1674 1333 contra
1711 1289 1831 1333 utar
1868 1282 1997 1332 meis
2035 1280 2390 1343 facultatibus,
2427 1286 2566 1344 utar,

1490 1360 1719 1424 inquam,
1741 1359 1877 1419 iuis3
1914 1358 2006 1409 sed
2037 1364 2214 1408 tamen
2244 1358 2321 1407 ita
2359 1371 2424 1406 ne
2461 1356 2562 1408 iuis

1492 1434 1697 1497 abutar,
1717 1442 1773 1484 et
1794 1434 1848 1485 in
1871 1436 2090 1485 luxuria-‘2
2111 1435 2295 1484 vitium
2311 1433 2560 1501 incidam,

1492 1526 1592 1561 nec
1613 1511 1763 1560 nimis
1784 1510 1954 1560 lautus
1974 1517 2030 1561 et
2068 1511 2323 1561 delicatus
2360 1509 2563 1560 libertis
2643 1562 2658 1589 x

1491 1588 1624 1639 meis
1643 1595 1699 1638 et
1722 1588 1897 1652 servis,
1926 1587 2180 1648 rhombos,
2213 1594 2269 1637 et
2300 1587 2563 1652 preciosos

1490 1666 1663 1731 pisces
1695 1680 1792 1733 per
1814 1676 2098 1718 extremam
2126 1667 2382 1717 luxuriam
2404 1678 2564 1730 appo·

1490 1759 1629 1795 nam.

1554 1827 1618 1873 23
1644 1822 1851 1886 huus]
1898 1822 2152 1872 Liberalis
2182 1821 2351 1885 nimis,
2376 1819 2569 1871 delicta-

1493 1904 1598 1961 tus,
1618 1899 1884 1964 prodigus.
1906 1897 2409 1961 laabim—Rhombus]
2448 1897 2564 1946 Pis·

1494 1975 1571 2024 cis
1593 1974 1732 2038 plani
1751 1988 1932 2038 genus,
1955 1975 2135 2024 Romae
2151 1974 2278 2022 ‘olim
2294 1973 2348 2023 in
2365 1972 2563 2022 delitiis

1492 2051 1718 2102 habitus.
1765 2052 1872 2100 Een
1906 2051 2080 2100 Tur-bot
2083 2047 2371 2112 .—Ponere]
2409 2049 2473 2099 In
2492 2049 2568 2099 ci-

1494 2128 1616 2178 bum
1637 2142 1918 2191 apponere.

1559 2208 1624 2254 24
1662 2204 1943 2267 ffbrdoemn,
1963 2203 2072 2268 qva]
2109 2203 2440 2268 Cognoscere
2457 2207 2569 2252 tur·

1496 2279 1680 2333 dorum
1705 2294 1935 2344 sapores.
1985 2279 2174 2329 Solent
2197 2278 2336 2328 enim
2358 2277 2582 2343 quidam

1497 2357 1633 2422 gulae
1657 2356 1845 2419 dediti,
1869 2362 2028 2406 tantas
2049 2354 2358 2410 subtilitatis
2379 2353 2570 2405 habere

1495 2435 1745 2498 palatum,
1769 2439 1827 2484 ut
1845 2432 2146 2498 dignoscant
2161 2430 2360 2496 turdos,
2375 2446 2439 2483 an
2465 2430 2569 2481 cel-

1496 2512 1666 2574 lanus,
1689 2526 1753 2560 an
1779 2510 2028 2561 terrarius
2064 2509 2166 2561 sit:
2207 2524 2274 2558 au
2291 2508 2574 2573 masculus,

1498 2602 1565 2637 an
1587 2585 1815 2639 foemiua.
1874 2587 2162 2637 Turdetum
2188 2587 2322 2643 dixit
2344 2585 2573 2654 abusive,

1501 2679 1620 2715 cum
1638 2664 1907 2715 turdorum
1945 2664 2215 2726 debuerat,
2239 2669 2299 2714 ut
2321 2662 2575 2718 Horatius

1500 2743 1678 2806 ponit:
1718 2744 1733 2770 ‘
1757 2741 1903 2790 Pene
1921 2755 2140 2804 macros,
2151 2741 2294 2803 arsit,
2315 2740 2437 2789 dum
2462 2748 2572 2789 tur-

1501 2817 1599 2869 dos
1627 2823 1805 2868 versat
1838 2818 1891 2867 in
1928 2816 2074 2881 igni?
2124 2819 2232 2870 Vet-
2265 2816 2575 2879 Sem-Nec,

1500 2894 1608 2960 qa]
1645 2895 1710 2945 Id
1735 2901 1837 2957 est,
1867 2895 1985 2945 Nec
2005 2908 2148 2944 more
2172 2899 2412 2944 extreme
2443 2892 2578 2942 deli-

1503 2978 1738 3022 catorum
1753 2979 1816 3021 et
1834 2970 2209 3020 luxuriosorum
2247 2970 2457 3020 nimium
2491 2983 2574 3018 so·

1501 3050 1611 3099 lers
1634 3050 1749 3113 sim,
1765 3057 1822 3099 et
1840 3049 2042 3099 subtilis
2065 3063 2183 3099 meo
2204 3050 2399 3113 palato,
2416 3056 2476 3099 ut
2498 3062 2579 3099 sa·

1505 3129 1664 3179 livam
1679 3135 1907 3190 tenuem,
1923 3134 1980 3177 et
1996 3141 2232 3192 saporem
2250 3127 2460 3177 minimo
2473 3126 2576 3177 dis·

1504 3205 1719 3255 crimine
1739 3204 2022 3256 distantem
2046 3205 2311 3256 turdorum
2316 3205 2575 3270 juniperis

1508 3290 1793 3349 pastorum,
1825 3288 1888 3332 et
1919 3283 2133 3333 aliorum
2170 3283 2364 3348 possim
2399 3281 2579 3347 digne-

1508 3375 1675 3426 scere,
1707 3367 1763 3410 et
1803 3360 2117 3411 discernere.
2203 3359 2360 3410 Dixit
2400 3368 2578 3413 autem

1505 3439 1753 3490 turdarum
1782 3437 1994 3488 abusive
2019 3451 2113 3502 pro
2136 3435 2437 3487 Turdorum.
2478 3434 2577 3485 Ζοι-

1506 3515 1741 3567 Ιιὲιιιιεμω
1756 3515 1989 3578 δἀῑίυαηι]
2039 3514 2252 3565 Salium
2288 3527 2384 3577 pro
2422 3518 2579 3575 gustu

1509 3598 1728 3657 ponunt.
1791 3591 1931 3642 Hinc
1953 3591 2153 3640 musam
2183 3604 2367 3639 movere
2402 3587 2580 3637 Latini

1507 3668 1709 3729 dicunt,
1727 3682 1845 3733 qnoe
1868 3673 2072 3732 gustum
2096 3666 2332 3715 excitant
2346 3669 2404 3713 et.
2418 3663 2584 3727 prori-

1510 3750 1643 3794 tant.
1675 3743 1876 3793 Salmas.
1912 3740 2115 3791 hamb.
2129 3738 2580 3800 xxxv—Solen,

1503 3821 1619 3886 ξω]
1645 3823 1718 3872 Et
1748 3819 1971 3869 maxima
1992 3817 2209 3869 solertia
2229 3817 2579 3869 internoscam

1510 3905 1568 3949 et
1586 3897 1893 3949 discernam.
1925 3894 2099 3946 laabin.

1577 3977 1638 4022 25
1684 3974 1859 4036 Messe,
1876 3972 1983 4037 qm]
2048 3970 2115 4021 Id
2155 3976 2253 4034 est,
2288 3966 2583 4019 Faciendus

1514 4058 1599 4100 est
1619 4057 1816 4099 sumtus
1840 4064 1935 4113 pro
1958 4048 2158 4099 ratione
2181 4046 2508 4109 facultatum,
2523 4051 2584 4097 et

1514 4131 1714 4177 sumtus
1735 4138 1899 4174 messe
1918 4124 2131 4188 propria
2153 4125 2237 4173 vel
2260 4123 2443 4172 annuis
2463 4136 2584 4186 pro·

1516 4204 1743 4268 priorum
1761 4214 1998 4265 agrorum
2021 4200 2353 4264 proventibus
2371 4198 2585 4257 metien-

1503 4282 1573 4332 -di
1613 4287 1751 4335 suut.
1792 4277 1964 4330 Lubin.
2035 4278 2203 4328 Vivere
2240 4291 2392 4328 messe
2421 4281 2586 4333 tem3

1518 4358 1649 4411 nihil
1687 4356 1963 4423 quicquam
2006 4355 2074 4405 de
2119 4353 2291 4413 reditu
2325 4352 2585 4418 reliquum

1480 4481 1487 4485 .
1517 4434 1729 4500 facere3
1782 4435 1840 4487 id
1882 4439 1983 4500 est,
2022 4438 2160 4486 tem
2174 4449 2196 4495 ,-
2238 4437 2404 4484 totum
2443 4429 2585 4481 enim
