3084 4934
861 369 1218 433 moninus,
1269 371 1362 419 m·
1407 369 1820 451 scamnum
1867 373 2194 425 cunnus.
2535 360 2632 432 ,19

423 519 681 588 Verum
719 523 857 590 fieri
899 545 1032 591 non
1077 527 1322 610 potuit,
1355 526 1538 612 quin,
1588 547 1743 593 cum
1781 532 1847 593 et
1886 546 2014 608 res,
2054 547 2331 613 quarum
2374 534 2622 600 mentio

294 628 301 637 '
419 624 495 692 fit
521 626 592 689 in
620 628 868 706 satiris,
900 630 1267 714 coepissent
1309 650 1397 696 ex
1440 636 1628 714 parte
1654 632 1965 714 ignorari,
2004 638 2071 698 et
2110 632 2372 699 dicendi
2413 655 2630 724 genus

418 746 463 795 a
507 729 768 812 vulgari
794 731 1049 796 ration‘e
1086 732 1155 796 in
1189 732 1332 797 dies
1375 734 1592 816 magis
1638 735 1982 818 magisque
2031 734 2427 820 discrepare,
2456 741 2624 808 inter

416 831 741 897 obscuros
790 833 1143 917 scriptores
1191 833 1464 899 Persius
1517 834 1883 914 referretur,
1954 841 2497 925 grammaticique
2531 843 2621 909 ad

415 953 564 998 eum
609 936 1082 1019 explicandum
1127 957 1201 1001 se
1249 937 1679 1020 accingerent.
1771 937 2085 1033 Fuerunt,
2132 943 2246 1024 qui
2291 948 2622 1027 putarent,

416 1038 633 1104 Persii
679 1043 918 1106 satiras
963 1061 1004 1106 a
1050 1039 1339 1105 Cornuto
1370 1040 1645 1107 scholiis
1688 1041 2041 1109 instructas
2088 1044 2158 1107 in
2193 1044 2413 1115 lucem
2463 1068 2617 1131 pro-

412 1142 665 1221 diisse„
690 1149 888 1227 atque
936 1163 1027 1208 ex
1081 1145 1170 1209 iis
1224 1143 1498 1209 scholiis
1549 1143 1867 1227 decerpta
1910 1144 2219 1228 quaedam
2253 1146 2654 1231 fragmenta·

409 1247 496 1312 iis
553 1247 768 1312 adhuc
819 1249 1035 1315 inesse
1078 1247 1373 1327 scholiis,
1418 1268 1580 1332 qum
1635 1267 1811 1315 mune
1853 1249 2432 1323 circumferuntur.
2548 1251 2621 1321 A
2679 1300 2682 1303 >

413 1370 693 1433 quorum
719 1352 1030 1435 opinione
1055 1351 1359 1435 equidem
1404 1356 1541 1417 tam
1582 1352 1773 1435 longe
1800 1353 2058 1431 absum,
2088 1359 2160 1418 ut
2183 1360 2431 1437 putem,
2462 1355 2624 1423 Per-

409 1453 587 1518 sium
623 1453 984 1536 antiquitus
1038 1454 1238 1521 nullis
1293 1453 1567 1525 scholiis
1615 1453 1828 1523 fnisse
1869 1456 2285 1541 instructum,
2323 1478 2487 1531 cum
2533 1462 2618 1527 iis

404 1556 567 1621 nihil
608 1576 778 1640 opus
822 1562 999 1622 esset
1041 1558 1414 1641 aequalibus
1456 1559 1623 1643 ejus,
1668 1560 1914 1641 quibus
1956 1567 2024 1624 et
2073 1560 2356 1642 cognitae
2401 1582 2504 1627 res
2548 1568 2618 1628 et

409 1662 730 1725 sermonis
757 1661 929 1725 ratio
958 1663 1177 1726 notior
1203 1668 1366 1728 erat.
1455 1661 1638 1742 Quin
1655 1662 2003 1751 probabile
2032 1667 2155 1740 est,
2176 1682 2258 1726 ne
2283 1663 2354 1731 H
2360 1665 2613 1752 ieronya-

406 1781 587 1828 mum
615 1763 883 1846 quidem
912 1758 1214 1830 codicem
1249 1785 1454 1831 manu
1493 1771 1843 1831 exaratum
1871 1764 2092 1829 Persii
2131 1764 2407 1833 scholiis
2450 1767 2617 1837 dita-

406 1871 544 1938 tum
588 1872 700 1933 aut
726 1872 899 1935 .ante
924 1868 1161 1939 oculos
1180 1868 1503 1941 habuisse
1522 1874 1647 1939 aut
1667 1868 2093 1952 cognovisse,
2121 1868 2433 1953 ‚alioquin
2477 1876 2615 1951 tam

402 1971 720 2039 acerbum
748 1970 839 2034 de
864 1971 1269 2042 obscuritate
1298 1972 1478 2043 illius
1498 1971 1827 2061 judicium
1853 1990 1985 2043 nou
2012 1970 2295 2065 tulisset.
2343 1970 2614 2066 ‚Neque

403 2074 473 2153 in
498 2073 794 2154 scholiis,
821 2077 897 2141 ut
935 2092 1112 2141 nunc
1134 2078 1313 2153 sunt,
1341 2074 1549 2143 ullum
1591 2072 1999 2157 antiquitatis
2016 2073 2377 2161 ‚vestigium
2405 2095 2619 2167 appar

403 2182 539 2257 ret3
583 2178 900 2261 pleraque
959 2182 1113 2242 sunt
1163 2178 1509 2263 ejusmodi,
1571 2183 1644 2243 ut
1695 2177 2155 2271 unusquisque
2210 2195 2343 2241 non
2412 2180 2611 2263 plane

404 2280 697 2366 ineptuS,
716 2281 895 2346 lecto
920 2281 1150 2366 aliquo
1191 2278 1371 2360 loco,
1406 2280 1655 2346 ⁴eadem
1683 2281 1957 2347 annena
1987 2284 2237 2364 posset,
2256 2280 2426 2364 quia
2445 2282 2616 2349 nihil

403 2382 488 2449 iis
530 2385 726 2464 inest,
772 2383 952 2473 quod
979 2404 1112 2450 non
1139 2385 1310 2473 ipsis
1339 2385 1629 2459 auctoris
1658 2384 1875 2449 verbis
1905 2383 2347 2464 contineatur3
2388 2404 2613 2471 pauca

406 2492 656 2554 tantum
690 2507 780 2553 ex
812 2487 1037 2572 aliquo
1067 2488 1498 2573 grammatico
1525 2507 1657 2552 non
1686 2487 1881 2551 nimis
1913 2491 2172 2551 vetusto
2215 2491 2453 2555 temere
2498 2487 2610 2572 de-

407 2595 643 2676 cerpta„
680 2585 892 2656 videri
945 2596 1243 2674 possunt.
1343 2589 1477 2657 Sed
1524 2590 1758 2656 nescio
1795 2609 1927 2679 quo
1974 2588 2117 2654 fato
2174 2589 2245 2654 id
2283 2590 2612 2657 accidisse

398 2693 647 2774 dicam,
699 2699 775 2763 ut
800 2694 1055 2763 nullus
1086 2695 1284 2765 locus
1314 2692 1720 2767 difficultate.
1764 2694 1991 2779 aliqua
2033 2692 2321 2783 insignis
2355 2694 2609 2784 aliquid

401 2796 573 2865 lucis
600 2787 836 2865 nactus
862 2797 955 2867 sit
968 2817 1069 2865 ex
1094 2797 1234 2867 illis
1257 2798 1572 2881 scholiisss
1613 2817 1771 2867 nam
1806 2797 1915 2865 vel
1945 2796 2209 2867 omnino
2231 2796 2456 2875 silent,
2501 2796 2609 2867 vel

402 2920 486 2966 ea
527 2901 892 2984 explicant,
934 2901 1005 2964 in
1034 2900 1283 2986 quibus
1306 2920 1499 2966 nemo
1540 2901 1812 2981 haereat.
1902 2897 2357 2977 Nihilominus
2391 2902 2615 2977 tamen

403 3023 490 3069 ea
516 3003 774 3069 scholia
802 2999 1133 3067 utilissima
1177 3003 1251 3067 in
1293 3002 1599 3067 Persium
1623 3002 1882 3086 passim
1910 3001 2109 3066 etiam
2139 3020 2182 3066 a
2207 3001 2618 3067 doctissimis

388 3107 568 3172 *viris
612 3108 957 3171 vocemm-
1042 3103 1300 3171 Verum
1346 3110 1500 3168 cum
1546 3104 1616 3169 in
1663 3102 2158 3188 anuqffioribus
2201 3101 2612 3170 editionibus

401 3210 658 3276 scholia
711 3209 1122 3295 proferantur
1167 3208 1490 3294 plemma,
1532 3226 1749 3292 ,quam
1802 3227 1905 3285 ea,
1955 3226 2109 3291 quoe
2169 3204 2610 3272 (ksaubonus

282 3344 285 3345 f
400 3313 675 3380 editioni
732 3333 875 3378 suae
935 3312 1200 3397 adjecit,
1271 3312 1716 3397 nonnullaque
1769 3332 1812 3377 a
1867 3312 2027 3377 viris
2087 3312 2303 3376 doctis
2364 3311 2617 3376 inedita

408 3415 752 3481 laudentur
809 3421 876 3481 et
921 3418 993 3482 in
1039 3415 1465 3481 bibliothecis
1513 3415 1734 3482 adhuc
1783 3413 2082 3490 latentia,
2139 3416 2281 3476 tota
2334 3412 2469 3475 ista
2526 3411 2612 3476 de

402 3518 678 3585 scholiis
729 3518 1105 3602 disputatio·
1135 3518 1243 3597 ei‚,
1269 3519 1388 3603 qui
1433 3517 1815 3583 melioribus
1862 3514 2205 3600 praesidiis
2256 3516 2616 3579 instructus

400 3627 523 3700 effi,
551 3621 980 3706 relinquenda
1003 3622 1163 3685 mihi
1198 3621 1482 3686 videtur.

1861 3746 1865 3750 ·
1947 3717 2034 3782 G.
2066 3717 2144 3780 L.
2190 3714 2569 3782 KOENIG.

470 3809 692 3872 Gotting.
730 3813 877 3859 1803.

521 3902 533 3913 ‘
1396 3919 1617 3973 NOTAE

403 4020 662 4087 exquisite
694 4020 890 4070 dictum
910 4024 1116 4084 putent,
1135 4020 1271 4085 quod
1305 4020 1489 4077 inter-¹
1548 4022 1649 4066 tur.
1716 4015 1904 4078 Itaque
1935 4012 1979 4060 si
2016 4012 2281 4076 antiquum
2319 4024 2607 4061 sermonem

401 4097 711 4162 metandum
735 4096 838 4146 sit?
879 4099 949 4146 Et
974 4111 1050 4148 ix,
1069 4102 1118 4148 3.
1140 4098 1155 4125 ‘
1172 4096 1464 4148 Verborum
1546 4102 1721 4146 nostro
1744 4106 2119 4156 comparemus,
2138 4105 2288 4154 paene
2305 4091 2442 4167 Jam,
2464 4090 2610 4156 quid-

399 4173 578 4239 figurae
621 4181 677 4225 et
715 4180 930 4224 mutatae
973 4182 1092 4225 sunt
1135 4190 1357 4240 semper,
1387 4182 1463 4237 et,
1547 4174 1672 4241 quid
1693 4174 1967 4239 loquimur,
1990 4170 2157 4236 figura
2179 4167 2297 4221 est!

399 4259 680 4320 utcumque
712 4254 877 4303 voluit
908 4253 1245 4319 consuetudo,
1265 4258 1466 4302 mutan·
