3084 4934
537 384 627 453 92

1298 402 1371 453 A.
1421 402 1669 453 PERsu
1718 401 1986 451 FLAccl

538 520 698 610 Non
725 544 1003 629 frigent.’
1089 544 1265 612 Visa
1290 551 1391 611 est
1418 547 1478 610 si
1506 546 1675 612 forte
1700 547 2011 631 pecunia,
2044 546 2197 612 sive

540 647 842 715 Candida
869 649 1071 715 vicini
1097 648 1371 715 subrisit
1399 650 1601 714 molle
1636 651 1883 734 puella,

2621 647 2748 713 110

538 750 671 817 Cor
697 753 818 817 tibi
845 752 967 817 rite
998 753 1151 816 salit
1167 754 1197 816 ‘l
1289 751 1594 816 Positum
1621 757 1724 816 est
1750 751 2015 835 algente
2046 751 2316 818 camino

541 853 800 918 Durum
827 854 998 931 olus,
1025 859 1090 918 et
1117 853 1351 937 populi
1378 854 1595 918 cribro
1624 853 1913 918 decussa
1940 852 2186 920 farina:
2499 858 2519 889 ⁸

536 954 895 1043 Tentemus
923 955 1185 1021 fauces:
1233 963 1452 1019 tenero
1479 955 1641 1020 latet
1674 957 1863 1021 ulcus
1891 956 1960 1019 in
1987 976 2100 1021 ore

536 1057 766 1137 Putre,
797 1058 974 1141 quod
1005 1058 1180 1123 haud
1211 1058 1447 1123 deceat
1470 1059 1733 1141 plebeia
1770 1059 2000 1123 radere
2027 1061 2203 1126 beta.

539 1159 775 1243 Alge3‚
808 1181 961 1225 oum
984 1160 1285 1225 excussit
1320 1160 1635 1225 membris
1665 1165 1909 1228 tremor
1935 1162 2128 1226 albus
2163 1164 2445 1244 aristas3

539 1329 690 1379 ruerit
712 1333 990 1391 argentum5
1019 1342 1098 1377 seu

2621 1162 2748 1226 115

1115 1328 1311 1390 pulchra
1330 1326 1473 1376 vicini
1487 1327 1604 1393 filia
1624 1327 1795 1377 leniter·
1815 1326 1998 1386 arrisit,
2034 1342 2097 1377 an
2119 1329 2383 1392 praecordia
2405 1328 2518 1377 bene
2551 1328 2644 1377 tibi
2665 1343 2747 1379 ex-

538 1391 734 1444 ultant?
798 1394 853 1442 Si
875 1391 1010 1442 forte
1030 1393 1280 1457 apponitur
1299 1392 1443 1441 herba
1466 1395 1586 1442 mole
1602 1398 1733 1441 coctu
1755 1392 1806 1441 in
1833 1395 1961 1442 lance
1963 1392 2191 1458 frigenti,
2214 1400 2261 1442 et
2270 1394 2440 1454 furino
2460 1394 2638 1458 plebeio
2657 1393 2748 1443 οη·-

541 1459 624 1507 bro
641 1463 872 1522 purgata.-
903 1460 1191 1522 exploremus
1202 1462 1374 1519 guttur
1388 1473 1404 1506 .·
1437 1458 1489 1506 in
1504 1472 1583 1506 ore
1603 1459 1802 1506 delicato
1823 1460 1988 1508 enlm
1996 1457 2223 1519 foetidum
2243 1459 2498 1519 delitescit,
2517 1462 2639 1522 quod
2657 1473 2744 1508 m

539 1525 785 1575 conteniat
793 1522 979 1584 fricare
997 1524 1103 1573 beta
1127 1522 1328 1584 wlgari.
1373 1522 1566 1586 Friges,
1586 1525 1767 1587 quando
1779 1539 1928 1586 pavor
1945 1525 2151 1587 pallidus
2172 1526 2325 1573 erexit
2346 1525 2585 1589 epit-amm
2602 1524 2745 1573 velut

1468 1649 1827 1670 “O‘OOOO‘OOO

1058 1740 1153 1789 112
1189 1738 1376 1788 Parum
1393 1739 1494 1788 olus
1515 1738 1618 1788 Ms.
1647 1739 1711 1788 R.
1734 1739 1943 1788 discussa
1966 1738 2068 1788 Ms.
2099 1737 2222 1788 Gal.

1532 1885 1749 1937 NOTAE

1022 1926 1033 1947 t

512 1987 518 1991 ’
608 1988 705 2036 109
743 1984 858 2037 Visa
878 1990 965 2049 est,
987 1984 1089 2049 qa]
1122 1984 1349 2050 Reponit
1377 1985 1606 2036 Philoso-

541 2060 674 2126 phus
695 2078 709 2111 z
755 2062 875 2111 Scio
898 2068 953 2111 te
976 2062 1230 2111 valentem
1255 2076 1314 2111 ac
1338 2061 1604 2111 robustum

541 2154 791 2205 corpore:
827 2155 994 2205 neque
1016 2140 1068 2189 id
1090 2139 1301 2190 inficior.
1366 2138 1439 2190 At
1461 2155 1606 2189 num-

541 2215 665 2281 quid
688 2216 855 2266 animo
880 2217 1094 2281 perinde
1119 2217 1295 2268 vales?
1357 2218 1607 2282 Explore-

541 2308 670 2345 mus.
733 2294 787 2344 Si
810 2295 887 2343 vis
910 2291 1068 2344 fateri
1089 2310 1286 2358 verum,
1318 2295 1608 2360 comperies

542 2379 597 2420 et
621 2371 810 2434 frigore
830 2377 883 2420 et
906 2372 1078 2421 calore
1102 2372 1258 2422 nimio
1281 2377 1333 2421 te
1350 2372 1607 2423 laborare.

614 2445 729 2495 Visa
751 2451 819 2497 est
841 2448 884 2496 ⁸2·
902 2446 1036 2506 sorte
1065 2447 1288 2512 pecunia]
1325 2448 1606 2513 Objectum

541 2529 715 2591 movet
737 2524 1045 2588 potentiam,
1062 2532 1120 2573 ut
1131 2525 1274 2574 aiunt
1291 2523 1606 2589 Philosophi.

542 2599 838 2649 Periculum
883 2600 1045 2664 igitur
1086 2600 1355 2663 faciamus,
1397 2616 1460 2651 an
1506 2617 1607 2651 non

542 2676 781 2739 avaritia,
835 2675 1066 2741 libidine,
1117 2678 1356 2743 mollitie,
1405 2678 1608 2743 timore,

542 2752 805 2802 iracundia
826 2753 1045 2804 labores.

609 2834 705 2880 11⁰
727 2829 934 2879 Subi-isit
957 2829 1117 2893 molle]
1150 2827 1357 2891 Arrisit,
1380 2820 1609 2895 respexit

541 2906 809 2971 amatorie,
832 2907 1041 2970 blande,
1065 2908 1437 2958 lasciviuscule.
1477 2908 1607 2956 Pro·

543 2985 774 3049 pertius:
806 2986 822 3010 ‘
850 2984 1008 3049 Risit,
1043 2994 1099 3035 et
1142 2990 1327 3048 arguto
1366 2983 1609 3052 quiddam

544 3050 782 3131 promisit
804 3061 1006 3112 ocello!

608 3143 701 3189 111
739 3141 834 3188 Cor
855 3139 944 3189 tibi
961 3139 1053 3188 rite
1069 3137 1204 3201 salit]
1257 3138 1468 3203 Duplex
1500 3153 1611 3189 cor-

543 3214 621 3264 dis
656 3209 843 3278 motus,
881 3216 1013 3264 alter
1037 3213 1353 3279 ἆπροαῖρετος,
1387 3217 1522 3265 alter
1559 3216 1613 3266 ἔκ

541 3291 869 3357 προαιρέσεως
894 3293 1038 3355 prior
1054 3293 1362 3341 valetudinis
1374 3293 1466 3342 dat
1481 3293 1611 3343 indi·

543 3370 699 3431 cium,
717 3368 973 3432 posterior
995 3365 1211 3417 affectus
1235 3373 1289 3416 et
1313 3369 1612 3422 voluntatis.

545 3445 684 3495 Hinc
702 3444 859 3510 periti
882 3444 1079 3493 Medici
1099 3458 1199 3493 non
1217 3444 1422 3494 morbos
1446 3446 1613 3496 solum

544 3524 797 3587 corporis,
821 3523 911 3571 sed
935 3531 990 3572 et
1013 3522 1434 3585 perturbationes
1458 3525 1614 3574 animi

543 3615 574 3650 e
606 3599 778 3650 cordis
822 3607 965 3648 motu
1003 3598 1252 3648 divinant.
1321 3600 1610 3653 Casaubon.

547 3677 691 3726 Nota
723 3675 958 3725 omnibus
989 3675 1205 3724 historia
1244 3675 1310 3724 de
1349 3674 1610 3726 Antiocho

548 3751 752 3801 Seleuci
774 3751 900 3811 filio,
921 3765 1073 3814 quem
1094 3750 1414 3800 Stratonices
1437 3767 1610 3802 amore

541 3827 839 3892 languidum
854 3826 1129 3888 intellexit,
1143 3827 1474 3877 attrectando
1492 3828 1608 3878 bra·

544 3905 732 3966 chium,
761 3903 1098 3953 Erasistratus
1122 3902 1381 3954 Medicus.
1432 3905 1607 3958 Valer.

546 3981 763 4032 Maxim.
804 3994 855 4029 v,
891 3984 940 4028 7.
980 3987 1035 4029 et
1070 3980 1175 4029 alii.
1257 3982 1449 4031 Sensus
1495 3991 1607 4035 est:

545 4072 661 4107 cum
687 4057 919 4120 pecnniae
936 4056 1217 4117 lucrandae,
1229 4065 1318 4110 aut
1335 4060 1608 4123 explendae

540 4132 768 4183 lihidinis
791 4131 1006 4182 offertut·
1025 4135 1431 4200 occasio,statim
1446 4138 1607 4190 inhias

541 4217 598 4259 et
620 4208 919 4270 inardescis,
940 4210 1030 4281 sed
1055 4226 1119 4260 an
1146 4211 1259 4278 rite,
1281 4219 1338 4263 et
1360 4229 1427 4264 ex
1452 4217 1609 4266 ratio-

543 4287 645 4340 ne?
707 4285 959 4355 Adeoque
971 4286 1083 4353 jam
1107 4304 1290 4341 avarus
1312 4307 1386 4358 es,
1418 4298 1474 4343 et
1496 4292 1610 4343 libi·

1685 1985 1912 2047 dinosus,
1952 1983 2039 2049 qui
2080 1981 2396 2048 cupiditates
2431 1979 2654 2030 fraenare
2688 1993 2747 2029 ac

1685 2062 1939 2113 moderari
1963 2061 2141 2112 nescis.

1693 2138 1706 2149 “
1753 2140 1966 2189 Positum
1988 2144 2057 2188 est
2078 2140 2266 2201 algente
2292 2135 2471 2200 catino]
2516 2131 2670 2187 Quod
2708 2131 2750 2182 si

1687 2218 1836 2268 vilior
1859 2219 1971 2283 quis
1994 2217 2139 2267 cibus
2163 2224 2220 2266 et
2241 2216 2372 2265 male
2395 2212 2635 2263 conditus
2658 2209 2751 2260 tibi

1689 2302 1994 2360 apponatur.

1752 2373 1958 2435 Algente
1979 2370 2159 2435 catino]
2194 2369 2335 2420 Cibis
2357 2364 2633 2416 admodum
2669 2370 2749 2413 (εει-ἓ

1690 2448 1807 2498 lidis
1831 2449 2117 2498 delectatos
2151 2456 2352 2497 veteres
2386 2444 2632 2494 observat
2657 2442 2751 2492 Ca·

1689 2525 1975 2575 sanbonus:
2015 2539 2175 2591 quare
2198 2540 2296 2573 non
2319 2522 2501 2572 mirum
2524 2522 2567 2570 si
2587 2520 2755 2584 algen-

1693 2609 1773 2652 tes
1805 2609 1860 2652 et
1897 2601 2074 2667 frigidi
2113 2600 2376 2651 fastidium
2414 2615 2474 2650 ac
2508 2612 2754 2648 nauseam

1689 2687 1868 2729 creent
1891 2678 2189 2729 delicatulo.

1753 2760 1847 2807 112
1883 2757 2068 2806 Durum
2090 2753 2214 2817 olus]
2250 2752 2395 2804 Infra
2428 2753 2538 2805 Sat,
2571 2764 2646 2802 v1.
2672 2755 2751 2802 69.

1688 2831 1706 2861 ‘
1733 2831 1865 2881 Mihi
1888 2830 2025 2881 festa
2045 2832 2164 2880 luce
2190 2836 2445 2895 coquatur
2469 2820 2695 2878 Urticaf

1753 2909 1928 2975 Populi
1947 2907 2125 2971 cribro]
2172 2906 2404 2972 Vulgari,
2443 2906 2643 2969 rariori,
2679 2919 2754 2956 se·

1693 2992 1857 3050 taceo,
1881 3001 1982 3052 quo
2005 2984 2174 3035 farina
2196 2999 2294 3043 non
2322 2983 2527 3034 omnino
2561 2979 2754 3031 furtiire

1691 3070 1923 3115 succreta
1968 3077 2151 3129 panem
2192 3060 2318 3110 facit
2378 3059 2757 3122 secundarium,

1694 3156 1796 3206 quo
1835 3139 2030 3205 plebeii
2070 3143 2381 3187 vescuntur:
2429 3150 2535 3184 non
2580 3142 2754 3184 autem

1694 3218 1892 3279 subtili,
1916 3216 2134 3277 sericeo,
2161 3213 2450 3278 pollinario,
2470 3228 2572 3278 quo
2607 3212 2753 3277 panis

1691 3294 1752 3346 fit
1776 3293 2047 3344 delicatior
2068 3302 2125 3341 et
2148 3291 2426 3358 siligineus.

1757 3376 1851 3422 113
1902 3371 2151 3421 Tentemus
2176 3367 2367 3433 fauces]
2420 3366 2758 3432 Experiamur

1694 3463 1755 3498 an
1776 3448 1853 3497 his
1872 3453 2148 3496 contentus
2170 3444 2348 3496 fueris,

1761 3525 1938 3574 Teucro
1959 3525 2076 3573 latet
2095 3524 2222 3572 ulcus
2241 3522 2289 3570 in
2312 3520 2414 3584 ore]
2450 3521 2528 3570 Eu
2551 3520 2755 3571 exulce-

1692 3605 1791 3653 rari
1817 3603 2043 3667 palatum
2069 3602 2180 3653 istis
2204 3600 2367 3650 dices.

1761 3684 1907 3733 Ulcus
1923 3681 2087 3746 putre]
2116 3681 2234 3743 Vel,
2273 3685 2540 3743 apostema
2577 3693 2757 3729 causa·

1691 3759 1850 3824 beris,
1871 3759 2008 3824 qnod
2032 3758 2228 3808 duriori
2250 3757 2369 3807 cibo
2394 3771 2493 3806 uon
2525 3755 2592 3806 sit
2614 3770 2757 3806 exas-

1692 3835 1999 3900 perandum,
2036 3835 2137 3896 vel,
2168 3833 2434 3882 mollitiem
2461 3840 2601 3880 tuam
2638 3846 2756 3897 pro·

1691 3913 1783 3962 des
1819 3927 1942 3961 sane
1983 3910 2304 3976 pudendam;
2341 3918 2398 3959 et
2431 3909 2664 3972 gulosum
2700 3914 2753 3957 te

1691 3989 1949 4039 ostendes.

1755 4069 1850 4117 114
1884 4062 2038 4127 Betu]
2074 4062 2251 4112 Herba
2269 4061 2456 4112 nullius
2481 4060 2680 4125 saporis
2703 4067 2757 4109 ct

1689 4141 1865 4205 pretii,
1890 4155 2039 4204 quam
2060 4138 2309 4200 fabrorum
2325 4139 2578 4202 prandium
2602 4142 2755 4187 vocat

1689 4217 1851 4266 Mart.
1878 4217 1912 4264 1.
1932 4230 2060 4264 xrn.
2083 4215 2233 4281 Epig.
2259 4218 2334 4264 13.

1755 4297 1849 4345 115
1872 4291 2047 4357 Alces]
2068 4292 2187 4342 Prae
2204 4292 2409 4353 timore,
2426 4293 2598 4343 calore
2619 4292 2775 4345 omui·
