3084 4934
1259 414 1541 464 S‘A'ruu
1590 415 1615 463 Ι
1628 416 1674 462 1¹.

2471 356 2566 467 ss

351 554 503 625 Bile
521 562 750 625 tumet.
837 559 1049 626 Nerio
1067 560 1212 647 jam
1239 562 1438 627 tertia
1466 561 1729 628 ducitur
1751 570 1925 634 uxor
1952 563 1971 626 l

347 661 534 727 Haec
563 665 797 727 sancte
822 669 896 727 ut
923 682 1194 748 poscaS,
1219 662 1550 730 Tiberino*
1569 666 1641 744 in
1669 664 1924 748 gurgite
1950 665 2195 748 mergis

2481 667 2570 731 15

348 763 554 830 Mane
584 771 789 850 caput
811 767 921 831 bis
950 773 1201 852 terque,
1232 771 1302 833 et
1325 774 1592 835 noctem
1619 769 1893 835 flumine
1921 787 2187 855 purgas.

346 922 445 966 tres
461 916 571 978 jum
601 917 766 967 habuit
798 912 1032 981 conjuges.
1103 919 1282 986 Atque
1314 924 1370 971 ut
1402 922 1522 971 talia
1554 921 1650 971 rite
1665 925 1821 986 petas,
1839 919 2076 970 matutino
2098 925 2305 982 tempore
2326 918 2501 969 iterum
2518 923 2568 969 et

347 982 491 1032 tertio
520 988 665 1046 caput
682 986 814 1034 lus-as
845 984 901 1034 iu
918 985 1125 1048 flumine
1166 988 1356 1045 Tiberi,-
1398 992 1449 1038 et
1475 991 1709 1037 nectum
1752 985 1985 1037 insomnia
2018 1000 2141 1049 aqua
2158 984 2358 1048 fluviali
2387 985 2576 1050 expias.

1274 1115 1388 1137 nu
1396 1118 1479 1138 ,θ’

1482 1118 1631 1139 00000

348 1211 469 1263 Jam
492 1209 615 1260 olim
648 1212 1060 1276 διττογραφεῖσθαι
1096 1213 1257 1278 coepit
1279 1213 1362 1264 hic
1384 1215 1529 1263 locus
1552 1231 1564 1262 z
1602 1229 1718 1264 nam
1751 1215 2065 1266 membranae
2090 1214 2274 1276 quibus
2299 1214 2376 1263 usi
2401 1228 2575 1264 sumus

350 1276 714 1326 vetustissimis
738 1279 956 1328 conditur
972 1279 1313 1340 exhibebant3
1351 1279 1442 1330 sed
1465 1279 1729 1346 antiquior
1747 1281 1846 1332 illis
1880 1281 2088 1329 Servius
2107 1280 2159 1329 in
2184 1281 2327 1329 illum
2352 1294 2574 1341 versum,

349 1343 364 1368 ⁴
388 1342 687 1406 Exportant
730 1344 902 1407 tecm,
936 1350 991 1393 et
1031 1345 1205 1394 tristia
1227 1343 1407 1394 funera
1443 1343 1676 1405 ducunt‚'
1711 1346 1838 1409 legit
1870 1347 2075 1395 ducitur.
2153 1344 2367 1409 Accipit
2403 1351 2577 1394 autem

352 1407 562 1456 Servius
583 1406 642 1455 τὸ
671 1409 879 1470 ducitur,
912 1424 1008 1472 pro
1042 1407 1289 1470 effertur3
1322 1424 1473 1475 quam
1496 1410 1978 1475 interpretationem
2020 1411 2179 1461 etiam
2213 1412 2301 1460 ille
2326 1425 2575 1476 gramma-

350 1473 484 1521 ticus
509 1480 623 1521 erat
656 1482 884 1536 secutus,
907 1475 991 1539 qui
1026 1477 1213 1540 glossae
1252 1476 1366 1524 loco
1398 1484 1717 1539 apposuerat
1757 1476 2009 1532 conditur,-
2042 1475 2180 1525 unde
2213 1476 2327 1525 haec
2367 1476 2575 1524 diversa

350 1537 526 1588 lectio.
582 1539 980 1590 Casaubon.--16
1008 1541 1208 1605 gurgite
1246 1542 1351 1592 Ms.
1393 1541 1645 1592 out—17
1698 1540 1922 1593 Quidam
1962 1542 2144 1607 legunt
2182 1542 2382 1593 nimium
2420 1546 2574 1590 est.—

1350 1655 1397 1706 N
1406 1656 1572 1707 OTAE

350 1747 440 1810 plo
472 1748 644 1812 Nerii,
690 1752 781 1816 qui
826 1758 933 1802 tres
986 1767 1170 1803 uxores
1220 1768 1421 1803 veneno

351 1825 564 1891 impune
588 1830 815 1890 sustulit,
831 1838 887 1879 et
905 1831 979 1880 sic
999 1830 1228 1895 locuples
1249 1830 1420 1880 factus

356 1911 457 1954 est.

415 1983 488 2032 Et
508 1984 610 2033 ucri
642 1984 735 2034 bite
764 1986 936 2050 tumet]
972 1987 1308 2038 contendunt
1330 1988 1420 2037 ali-

353 2058 440 2124 qui
465 2061 726 2110 mordicns
764 2062 1064 2126 legendum,
1083 2069 1192 2113 atra
1214 2063 1307 2113 bite
1343 2069 1419 2115 tu-

350 2140 464 2198 met,
496 2146 681 2187 contra
716 2138 1097 2190 Casaubonum.
1182 2139 1257 2190 At
1294 2141 1418 2207 quid

349 2219 497 2264 vetat
541 2214 706 2281 ipsam
750 2217 1139 2267 melancholiam
1176 2219 1330 2268 bilem
1366 2235 1418 2269 a·

353 2303 493 2341 crem
518 2293 807 2357 appellari?

420 2372 482 2418 14
517 2370 692 2434 Nerio]
751 2371 805 2421 Is
840 2370 941 2421 suit
964 2371 1177 2436 insignis
1202 2371 1423 2424 foenera-

354 2451 455 2508 tor,
494 2447 627 2497 lucri
663 2447 796 2498 adeo
836 2448 1040 2512 perdite
1081 2450 1321 2514 cupidus,
1366 2457 1424 2502 ut

353 2525 509 2574 etiam
532 2533 642 2576 tres
676 2541 863 2576 uxores
897 2542 1100 2577 veneno
1135 2530 1421 2592 sustulerit,

352 2607 413 2652 ut
445 2616 620 2652 earum
665 2605 790 2654 dote
844 2605 1119 2669 potiretur.
1200 2607 1420 2658 Scilicet

353 2679 492 2743 apud
529 2687 736 2731 veteres
775 2680 867 2731 dos
898 2680 1189 2733 adventitia
1227 2692 1280 2733 et
1318 2700 1418 2735 non

287 2754 299 2775 χ
353 2754 477 2806 data
508 2756 679 2821 patrio
702 2759 927 2820 nomine,
949 2759 992 2808 si
1028 2761 1298 2825 repudium
1317 2778 1418 2812 non

348 2834 741 2899 intervenisset,
775 2837 1031 2887 moriente
1055 2840 1293 2904 conjuge,
1316 2855 1420 2889 ma·

350 2913 453 2963 rito
477 2914 730 2964 cedebat:
754 2915 859 2964 imo
881 2923 937 2966 et
961 2917 1049 2964 dos
1073 2931 1279 2982 quoque
1307 2932 1422 2980 pro·
1447 2974 1453 2980 ¹

350 2986 573 3052 fectitia‚
596 3006 686 3040 seu
712 3007 741 3041 a
765 2999 914 3056 patre
935 2991 1001 3040 de
1026 2991 1174 3041 bonis
1199 2993 1422 3056 propriis

350 3068 656 3131 constituta,
692 3070 736 3117 si
771 3069 927 3119 modo
961 3076 1114 3132 pater
1159 3076 1423 3133 superstes

353 3158 455 3194 nen
490 3143 650 3196 foret.
694 3147 908 3211 Ulpian.
957 3147 1042 3196 tit.
1076 3150 1126 3196 6.
1176 3145 1243 3195 de
1291 3148 1420 3198 Dot.

352 3220 543 3271 Sensus
568 3229 680 3273 est:
716 3238 858 3287 ecce,
880 3223 1046 3288 inquit
1067 3238 1274 3286 avarus,
1307 3239 1422 3274 mea

340 3304 486 3349 'uxor
515 3299 798 3351 etiamnum
841 3301 985 3363 vivit,
1018 3316 1137 3352 cum
1162 3302 1355 3351 Nerius
1391 3317 1420 3352 e

353 3374 524 3425 tribus
577 3377 823 3428 uxoribus
874 3377 1089 3428 mortuis
1123 3385 1228 3428 tres
1270 3378 1419 3430 dotes

355 3458 541 3502 nactus
573 3452 720 3503 dives
763 3454 1006 3504 evaserit.
1080 3455 1267 3505 Horat.
1307 3456 1417 3506 Sat.

340 3541 419 3579 -ιι,
443 3532 494 3578 3.
515 3530 531 3555 ‘
554 3530 737 3580 Scribe
761 3530 945 3580 decem
969 3532 1168 3581 Nerio?

340 3640 347 3647 ·
420 3605 658 3669 Ducitur]
709 3606 814 3657 Alii
869 3609 1068 3673 legunt,
1102 3609 1341 3674 conditur,
1368 3610 1419 3660 id

358 3691 455 3748 est,
481 3689 753 3750 sepelitur.

418 3764 646 3814 15·11oec
685 3769 847 3814 sancte
889 3769 944 3813 ut
994 3763 1177 3828 poscas]
1246 3763 1422 3831 Atque

357 3842 471 3892 liaec
493 3843 620 3892 licet
640 3842 800 3906 impia
821 3842 918 3892 tibi
954 3840 1148 3891 videris
1168 3840 1268 3889 rite
1290 3841 1422 3904 peti·

360 3926 524 3982 turus,
548 3919 589 3968 si
623 3919 815 3982 modo„
831 3925 889 3969 ut
911 3918 1059 3979 facis,
1091 3919 1223 3967 ritus
1249 3932 1422 3967 omues

356 3995 644 4044 exteriores
677 4000 734 4044 et
753 3995 993 4044 solennes
1013 3993 1317 4058 diligentius
1338 3995 1425 4044 ob·

357 4085 555 4121 serveS.
939 4058 956 4078 ’

429 4146 652 4198 Tiberino
672 4147 725 4197 in
741 4146 966 4210 gurgite]
1001 4147 1208 4196 Tiberis
1239 4145 1426 4197 fluvius

347 4225 572 4279 ‚Romam
595 4222 919 4289 interfluens,
947 4225 1091 4288 prius
1117 4226 1289 4275 Alimla
1320 4226 1427 4276 dic·

360 4308 463 4351 tus.
507 4300 666 4351 ovid.
692 4301 832 4351 Fast.
851 4314 912 4352 ιι.
934 4299 1154 4355 ‘Albula
1176 4316 1330 4368 quem
1345 4302 1445 4352 Ti·-

1502 1751 1670 1802 berim
1681 1767 1879 1803 mersus
1895 1751 2172 1801 Tiberinus
2192 1750 2245 1799 in
2260 1751 2413 1801 undis
2438 1751 2577 1803 Red-

1505 1829 1679 1881 didit!

1570 1906 1782 1972 Mergis]
1824 1906 1964 1956 Vota
1985 1904 2174 1955 facturi
2197 1912 2254 1956 et
2272 1921 2435 1971 sacra,
2455 1907 2573 1958 vivo

1501 2001 1555 2036 se
1587 1985 1802 2036 flumine
1840 1984 1981 2049 prius
2019 1985 2323 2036 abluebant.
2385 1986 2575 2051 virgil.

1500 2064 1703 2115 AEneid.
1727 2078 1792 2114 11.
1832 2068 1848 2091 ⁴
1875 2063 2177 2114 Attrectare
2223 2063 2370 2114 nefas
2406 2065 2575 2115 donee

1501 2157 1584 2191 me
1612 2140 1825 2191 flumine
1845 2143 1960 2190 vivo
1993 2141 2263 2191 Abluero.'
2302 2143 2573 2192 Praeterea

1500 2220 1722 2269 observa
1761 2220 1992 2280 verbum,
2023 2218 2215 2282 mergis,
2251 2217 2461 2282 proprie
2488 2218 2572 2269 bic

1503 2297 1756 2347 adhiberi.
1828 2298 1961 2347 Nam
1988 2295 2073 2361 qui
2111 2295 2222 2344 Diis
2245 2292 2436 2343 Inferis
2458 2295 2574 2344 lita·

1504 2374 1652 2436 bant,
1676 2390 1810 2439 aqua
1846 2390 1903 2423 se
1932 2372 2306 2437 respergebant
2339 2377 2572 2421 tantumt

1506 2452 1735 2517 quivero
1753 2451 1872 2502 Diis
1893 2450 2101 2515 Superis
2126 2464 2277 2501 sacra
2290 2447 2576 2511 faciebant,

1501 2532 1809 2594 mergebant
1859 2546 1935 2593 se,
1981 2537 2038 2579 et
2083 2528 2222 2578 totos
2269 2527 2571 2578 abluebant.

1504 2608 1740 2658 Macrob.
1764 2607 2022 2657 Saturnal.
2053 2621 2138 2657 m.
2164 2612 2244 2657 ll.

1566 2688 1629 2733 16
1665 2683 1834 2746 Mane]
1867 2684 2000 2733 Solis
2034 2689 2151 2732 ortu
2190 2681 2387 2731 fiebant
2421 2696 2576 2733 sacra

1499 2761 1623 2810 Diis
1646 2761 1858 2824 Superis
1892 2775 1952 2809 ac
1989 2760 2295 2811 Coelitibus:
2332 2760 2575 2809 Manibus

1497 2844 1675 2889 autem
1697 2847 1754 2888 et
1777 2838 1895 2887 Diis
1922 2836 2130 2901 Inferis,
2152 2838 2378 2901 vesperi,
2412 2843 2468 2886 et
2489 2852 2575 2887 oc-

1502 2914 1715 2964 cidente
1751 2915 1904 2964 Sole:
1953 2922 2014 2964 ut
2049 2914 2330 2964 observant
2370 2923 2575 2966 veteres

1504 2991 1834 3055 Interpretes
1866 2991 2132 3056 Apollonii
2169 2992 2219 3040 in
2242 2990 2577 3056 Argonautis,

1503 3077 1560 3118 et
1580 3069 1798 3119 Pindari
1823 3070 1871 3118 in
1893 3069 2141 3132 Isthmius,
2154 3071 2216 3117 ad
2243 3070 2347 3120 od.
2365 3084 2442 3119 lv.

1569 3146 1665 3195 Bis
1688 3146 1872 3210 terque]
1906 3147 2154 3195 Solennes
2190 3147 2243 3195 hi
2279 3147 2482 3196 numeri
2523 3148 2577 3197 in

1486 3222 1706 3273 Sacris.-
1752 3224 1841 3273 De
1879 3224 2075 3272 binario
2119 3223 2277 3274 ovid.
2324 3225 2464 3274 Fast.
2498 3239 2576 3277 xv.

1501 3300 1517 3328 ‘
1542 3299 1634 3348 Bis
1651 3309 1813 3364 caput
1834 3300 2093 3350 intonsum
2128 3299 2344 3350 fontana
2377 3301 2578 3366 spargi-

1500 3370 1587 3426 tu‘r
1629 3378 1796 3427 unda:
1832 3377 1918 3428 Bis
1949 3393 2045 3428 sua
2082 3377 2292 3443 faginea
2338 3386 2575 3442 tempora

1500 3451 1686 3503 fronde
1713 3454 1879 3518 tegit?
1933 3455 2017 3502 De
2043 3455 2269 3504 ternario
2294 3462 2417 3505 vero
2438 3456 2576 3507 idem

1501 3529 1626 3579 ibid.
1661 3531 1675 3556 ‘
1699 3531 1807 3579 Ter
1827 3537 1987 3594 caput
2010 3530 2222 3592 irrorat,
2242 3539 2322 3580 ter
2346 3534 2489 3582 tollit
2508 3532 2574 3581 ad

1500 3608 1699 3659 aetbera
1740 3606 1973 3671 palmas!
2055 3609 2128 3657 Et
2167 3608 2355 3671 Virgil.
2389 3610 2574 3673 Eclog.

1502 3697 1627 3734 vm.
1652 3685 1666 3711 ‘
1688 3684 1864 3734 Tema
1888 3684 1981 3734 tibi
2004 3684 2116 3734 baec
2139 3685 2356 3749 primum
2383 3687 2579 3750 triplici

1503 3761 1706 3813 diversa
1728 3764 1903 3812 colore
1921 3763 2068 3812 Licia
2089 3763 2373 3827 circumdo,
2393 3772 2576 3830 terque

1502 3842 1615 3889 baec
1638 3841 1821 3890 altuia
1838 3840 2037 3889 circum
2062 3838 2300 3904 Effigiem
2315 3832 2466 3906 duco,
2484 3857 2579 3892 nu·

1503 3930 1647 3965 mero
1666 3918 1813 3967 Deus
1832 3917 2032 3981 impare
2056 3916 2284 3981 gaudet.'
2384 3950 2388 3955 ·

1572 3993 1642 4041 Et
1664 3999 1849 4043 noctem
1871 3993 2076 4056 flumine
2102 3992 2310 4058 purgas]
2356 3993 2577 4062 Antiqui

1504 4077 1660 4119 nocte
1701 4070 1818 4134 ipsa
1840 4073 1975 4120 sicut
2009 4079 2063 4119 et
2101 4072 2370 4121 nocturnis
2392 4073 2580 4123 insom-

1507 4149 1605 4196 niis
1663 4148 1825 4211 pollui
1870 4163 1925 4196 sc
1982 4148 2286 4209 credebaut,
2330 4155 2389 4199 ut
2432 4157 2579 4200 notat

1504 4225 1713 4274 Servius
1736 4244 1749 4285 ;
1773 4224 1909 4274 unde
1933 4231 2051 4288 post
2084 4224 2177 4274 illa
2196 4240 2251 4273 se
2292 4223 2578 4288 expiabant

1504 4301 1772 4376 frequenti
1801 4299 2098 4364 ablutione;
2132 4299 2271 4366 quod
2294 4300 2575 4351 etiamnum
