3084 4934
1226 409 1393 459 SA'N
1404 409 1504 459 ΒΔ
1551 411 1622 461 ν’.

334 556 687 635 Intumuit,
716 574 922 641 quam
948 571 1088 619 non
1100 592 1109 615 .·
1118 553 1477 619 extinxerit
1500 572 1669 620 uma
1699 553 1993 620 cicutae-'l
2011 602 2026 613 .
2129 550 2144 565 '
2217 550 2224 557 ’

2418 342 2548 459 147

2418 508 2551 619 145

334 660 504 725 Tun’
529 675 712 725 mare
734 659 1117 729 transilias?
1163 656 1311 738 tibi,
1341 660 1526 720 torta.
1542 657 1838 721 cannabe
1858 655 2049 735 fuste,
2137 674 2144 681 ·

338 759 552 827 Coena
578 763 757 826 sitin
784 765 1068 825 transtro
1086 761 1117 824 ‘l
1163 758 1738 845 Veientanumque
1763 761 2091 826 rubellum

335 861 625 928 Exhalet
650 862 907 947 vapida
935 862 1176 928 laesum
1200 862 1353 946 pice
1380 860 1610 926 fissilis
1637 861 1816 927 obba
1832 864 1863 928 'l

330 1061 696 1112 mndaverit.
760 1060 842 1111 Aa
876 1075 1003 1111 vero
1041 1066 1097 1110 tu
1131 1075 1264 1110 me
1303 1056 1634 1110 transcurras?
1666 1058 1749 1110 An
1772 1066 1828 1111 tu
1848 1075 2024 1110 coeuum

332 1126 610 1187 αἰωνίων
628 1124 846 1178 intorto?
898 1127 984 1175 An
1021 1131 1069 1176 et
1106 1141 1190 1175 vas
1218 1127 1355 1175 seder

342 1191 594 1297 Vtamur&
608 1193 715 1256 pice
723 1189 908 1251 foelt’da
927 1187 1182 1285 corrupti?
1231 1191 1306 1240 Ec

2048 1060 2203 1124 cupies
2236 1059 2289 1109 in
2323 1064 2550 1122 transtro,

1499 1139 1581 1173 ens
1600 1126 1787 1175 mittat
1808 1126 1903 1175 tibi
1941 1125 2152 1175 odorem
2190 1125 2297 1175 vini

1440 1187 1687 1242 intendis?
1733 1190 1818 1241 An
1841 1196 1896 1244 ut
1917 1190 2115 1263 rammi,
2137 1204 2248 1261 quos
2268 1190 2345 1241 hic
2364 1193 2553 1242 atnam

1272 1336 1473 1356 ”MNO
1482 1335 1591 1356 'm
1596 1337 1626 1359 θ

336 1437 496 1484 -145
530 1435 652 1499 quoa
671 1448 764 1485 mm
789 1433 892 1483 Ma.
918 1433 1039 1484 Gai.
1062 1440 1116 1485 et
1141 1436 1368 1488 e.—14r
1400 1452 1639 1502 nunquam
1669 1435 1867 1487 Veiento
1889 1436 1991 1489 Με.
2015 1416 2138 1488 Gai.

1343 1528 1576 1650 norm

334 1661 391 1713 id
415 1670 517 1726 est,
540 1661 727 1724 fortem
747 1670 802 1714 et
821 1664 1070 1730 validam,
1089 1680 1243 1732 quam
1260 1665 1405 1721 Stoi·-
1483 1667 1697 1732 plantae,
1717 1681 1745 1717 e
1759 1682 1862 1733 qna
1879 1664 2027 1718 funes
2045 1665 2195 1728 fiunt,
2209 1672 2266 1719 et
2275 1666 2553 1719 rudentes:

337 1740 389 1790 ci
428 1745 581 1790 cotem
599 1738 912 1800 fortitudinis
936 1742 1220 1806 vocabant,
1252 1742 1405 1798 modo
1481 1744 1637 1794 immo
1682 1752 1740 1795 et
1774 1752 1946 1796 vestes
1985 1744 2127 1815 apud
2161 1745 2411 1807 Thracas,
2449 1751 2558 1809 tam

336 1823 511 1867 tamen
534 1832 598 1865 ea
619 1832 722 1867 non
759 1824 819 1869 ut
854 1817 1005 1883 duce,
1027 1817 1120 1869 sed
1144 1826 1204 1870 ut
1238 1819 1407 1870 milite
1485 1822 1723 1885 subtiles,
1759 1828 1817 1872 ut
1857 1823 2007 1872 lineae
2042 1822 2333 1872 videantur.
2381 1821 2553 1873 Hero

340 1899 630 1944 uterentur.

345 1968 352 1973 ’
406 1974 500 2022 145
540 1972 697 2029 Quam
733 1988 826 2022 non
866 1973 1138 2025 extinxerit
1178 1988 1300 2022 urna
1342 1972 1410 2022 ci·

338 2047 484 2112 ΜΦ]
538 2049 791 2099 Quamvis
836 2049 1099 2099 contraria
1136 2049 1412 2103 contrariis

341 2120 609 2187 curentur,
642 2132 701 2175 at
738 2125 1012 2175 ardentem
1057 2126 1208 2176 istam
1253 2126 1410 2175 bilem

347 2201 431 2250 ‘vix
452 2201 628 2251 levare
653 2209 743 2253 aut
762 2203 945 2252 sedare
970 2203 1207 2267 potuerit
1230 2217 1415 2254 succus

344 2277 529 2329 cicutae
565 2278 967 2342 copiosissimae,
990 2287 1046 2332 et
1082 2281 1239 2344 plena
1267 2296 1415 2345 urna,

345 2371 434 2406 vas
482 2357 907 2420 capacissimum3
952 2358 1186 2423 quamvis
1225 2359 1314 2409 ille
1345 2360 1415 2409 sit

347 2432 479 2483 'adeo
519 2431 757 2497 frigidus,
791 2441 850 2483 ut
885 2442 1107 2493 mortem
1140 2435 1310 2499 pariat
1333 2436 1416 2486 vel

345 2509 597 2561 modicus.
630 2510 766 2560 Vide
784 2525 958 2575 supra,
971 2513 1077 2562 Sat.
1094 2526 1170 2563 ιν.
1187 2512 1253 2561 ad
1271 2528 1348 2562 vs.
1364 2516 1417 2563 2.

413 2591 511 2638 146
548 2586 672 2636 'I'un'
701 2603 834 2636 mare
868 2587 1134 2651 transilias]
1165 2589 1246 2638 Te
1269 2589 1416 2639 nimi-

349 2679 462 2714 rum
486 2664 778 2715 committes
804 2670 908 2713 tam
943 2664 1102 2715 infido
1140 2667 1424 2731 elemento,

350 2744 403 2793 in
445 2756 547 2808 quo
587 2741 657 2791 sis
696 2742 712 2769 ‘
737 2741 913 2805 digitis
951 2750 1168 2792 amorte
1191 2750 1419 2795 remotus

354 2828 577 2890 quatuor
613 2824 706 2868 aut
745 2825 967 2882 septem,
989 2818 1032 2867 si
1068 2819 1137 2875 sit
1173 2820 1425 2873 latissima

353 2894 544 2947 taedaz'
575 2902 636 2945 ut
673 2895 748 2944 ait
778 2894 1049 2949 Juvenalis
1080 2894 1188 2946 Sat.
1210 2909 1314 2955 ιιι.
1336 2901 1419 2946 58.

349 2973 478 3025 Tria
508 2971 674 3024 refert
712 2971 1045 3033 Plutarchus,
1068 2987 1283 3036 quorum
1313 2988 1421 3037 poe·

351 3052 547 3103 niteret
570 3051 821 3102 Catonem
847 3050 1170 3114 Censorium,
1201 3067 1422 3102 arcanum

351 3129 495 3195 exori
531 3130 789 3183 revelasse.-
826 3128 952 3178 diem
994 3128 1212 3179 inutilem
1243 3134 1420 3185 transe-

348 3207 478 3274 gisse
492 3224 514 3267 ,·
547 3210 596 3256 et
632 3221 685 3254 eo
722 3206 1037 3256 transmisisse
1068 3206 1196 3268 navi,
1227 3222 1315 3270 quo
1341 3221 1423 3270 pe·

353 3285 511 3335 desire
531 3283 629 3333 iter
649 3298 745 3332 esse
758 3287 930 3346 posset.
966 3283 1047 3332 Ex
1067 3282 1255 3346 adagio
1279 3283 1423 3335 Grae-

357 3377 440 3422 co,
478 3357 719 3424 θαλάσση,
757 3359 837 3410 καὶ
880 3360 990 3424 πῦρ,
1025 3359 1104 3410 καὶ
1141 3360 1262 3422 ’γυνὴ
1299 3360 1423 3412 κακὰ

354 3437 480 3504 τρία.

354 3506 361 3511 ’
429 3514 558 3580 Tibi,
577 3519 706 3564 tortu
737 3514 1099 3577 cambefulto,
1119 3514 1227 3580 qa]
1258 3514 1427 3579 Tune,

361 3610 395 3644 o
416 3593 599 3643 Marce
625 3591 810 3653 Dama,
831 3600 889 3641 tu
913 3592 991 3640 vir
1017 3592 1297 3659 honoratus
1311 3592 1426 3658 jam

360 3676 419 3720 et
456 3669 611 3732 liber,
645 3668 844 3737 poteris
889 3668 1060 3720 cibum
1105 3668 1159 3718 in
1189 3668 1307 3717 navi
1342 3682 1427 3716 ca-

298 3804 303 3813 *
357 3760 505 3813 pere,
526 3745 602 3807 ita
635 3753 696 3795 ut
731 3760 824 3809 pro
854 3744 1007 3795 sedili
1039 3744 1230 3797 babeas
1252 3743 1427 3795 funem

354 3826 647 3895 nauticum,
670 3840 763 3889 pro
781 3839 955 3874 mensa
986 3830 1288 3887 transtrum,
1308 3839 1427 3888 per-

357 3903 554 3953 mixtus
576 3903 779 3952 seilicet
799 3917 916 3952 cum
936 3901 1212 3965 remigibus
1235 3909 1290 3951 et
1309 3915 1429 3950 nau·

360 3979 429 4033 tis
452 3978 697 4043 squalidis
720 3984 778 4028 et
803 3978 1107 4042 agrestibus,
1137 3977 1226 4042 qui
1249 3977 1429 4027 solitus

361 4070 421 4105 es
439 4056 642 4105 mollius
667 4055 870 4117 sedere,
892 4053 1094 4105 beatius
1124 4054 1318 4115 vivere,
1341 4053 1429 4103 do-

362 4131 453 4196 mi,
485 4131 541 4181 in
573 4131 705 4194 otio,
744 4131 883 4181 inter
915 4129 1214 4194 familiares,
1248 4130 1431 4195 nitide,

359 4208 582 4259 honeste
600 4208 620 4258 ?
1311 4218 1326 4234 ‘

434 4285 587 4345 Torta
615 4282 846 4353 canabe]
880 4284 1121 4344 Cannabis
1148 4292 1229 4337 est
1265 4274 1428 4357 genus

1490 1901 1598 1951 dot.
1624 1901 1662 1950 l.
1688 1913 1931 1950 1v.num.
1955 1904 2068 1949 155.

1559 1981 1652 2029 147
1692 1964 1945 2042 'Il-andro]
1966 1977 2035 2026 Γι
2038 1976 2128 2026 abs
2150 1982 2231 2026 est
2250 1982 2558 2042 transversa,

1492 2068 1758 2103 scamnum
1782 2060 1839 2102 et
1862 2052 2024 2102 sedile
2049 2052 2318 2117 remigum.
2372 2051 2558 2115 Virgil.

1491 2129 1507 2159 ‘
1532 2130 1805 2181 Considite
1828 2129 2102 2183 transtris?

1566 2208 1875 2259 Veientanum
1913 2208 2161 2272 rubellum]
2191 2200 2382 2257 Vinum
2417 2205 2562 2270 iguo-

1494 2283 1618 2348 bile,
1656 2286 1852 2349 saporis
1889 2284 2159 2349 injucundi
2199 2299 2266 2334 ex
2301 2297 2425 2348 agro
2461 2282 2563 2333 cir·

1495 2361 1760 2433 cumjecto
1778 2360 1937 2412 Veios
1956 2362 2134 2411 urbem
2153 2361 2562 2423 Hetruriae,.non

1494 2438 1676 2502 procul
1700 2434 1828 2488 urbe
1852 2438 2034 2489 Roma.
2057 2437 2273 2489 .Horat.
2290 2437 2401 2488 Sat.
2420 2450 2484 2486 11.
2510 2440 2561 2491 3.

1493 2516 1509 2543 ‘
1533 2515 1637 2569 Qui
1673 2515 2026 2566 Veientanum
2064 2513 2214 2565 festis
2253 2521 2435 2580 potare
2457 2512 2565 2562 die·

1495 2593 1592 2644 bus
1616 2593 1877 2657 Campana
1903 2593 2081 2643 solitus
2115 2592 2284 2657 trulla,
2317 2605 2563 2657 vappam·

1498 2685 1600 2736 que
1626 2668 1906 2734 profestis!
1967 2690 1972 2699 ·

1565 2751 1662 2797 148
1698 2746 1907 2796 Exhalat
1945 2745 2139 2810 vapida]
2174 2710 2368 2796 Tetros
2406 2758 2565 2808 vapo-

1499 2837 1583 2873 res
1623 2821 1823 2886 tibique
1861 2821 2095 2873 insolitos
2122 2810 2388 2883 emittens,
2422 2820 2568 2870 fasti·

1500 2885 1642 2949 dium
1661 2904 1807 2948 creet
1826 2904 1881 2948 et
1899 2896 2251 2961 aegritudines,
2270 2904 2326 2949 et
2346 2895 2567 2951 fortasse

1501 2982 1721 3026 mortem
1768 2980 1920 3033 extra
1953 2975 2214 3038 patriam.
2297 2975 2420 3024 Heu
2462 2987 2567 3038 que

1503 3049 1641 3101 ruis?
1674 3049 1880 3107 Lucelli
1900 3050 2105 3102 scilicet
2128 3049 2434 3117 aliquantuli
2455 3064 2569 3114 gra-0

1500 3129 1577 3179 tia
1614 3128 1803 3192 perdas
1847 3126 2092 3194 quietem,
2130 3128 2445 3193 voluptates,
2496 3126 2571 3176 vi

1502 3207 1645 3258 tam?

1567 3284 1758 3345 Lfmm
1774 3282 1902 3348 pice]
1938 3272 2201 3339 Infectum
2222 3297 2304 3335 ex
2312 3281 2472 3333 odore
2494 3280 2571 3346 pi

1505 3360 1582 3413 cis
1606 3374 1708 3426 qua
1729 3359 1874 3416 navis
1898 3361 2095 3421 pariter
2116 3366 2172 3408 et
2191 3357 2327 3411 obba
2345 3358 2492 3410 illitae
2515 3363 2572 3415 et

1505 3437 1783 3489 obturatae.
1852 3437 1971 3491 Mos
2011 3443 2127 3487 erat
2169 3451 2324 3501 porro
2365 3434 2574 3500 picaudi

1504 3514 1701 3578 vinum,
1733 3513 1788 3563 id
1821 3520 1922 3577 est,
1945 3514 2118 3578 picem
2148 3520 2208 3563 et
2245 3512 2464 3563 resinam
2495 3512 2574 3561 in·

1504 3592 1712 3646 -terdum
1737 3590 2019 3643 adhibendi
2050 3597 2107 3641 et
2138 3589 2485 3650 immiscendi,
2506 3588 2574 3639 ad

1509 3668 1858 3719 condiendum
1898 3667 2082 3731 veluti,
2102 3666 2468 3730 addendasque
2503 3665 2575 3715 vi-

1508 3761 1610 3809 res,
1633 3756 1723 3796 aut
1746 3744 2083 3809 frangendas.⁴
2111 3745 2199 3794 De
2222 3743 2410 3809 quibus
2433 3742 2574 3792 Plin.

1509 3837 1628 3875 xlv.
1670 3825 1715 3871 1.
1740 3829 1818 3871 *et
1859 3826 1942 3873 20.
1998 3820 2265 3871 Plutarch.
2307 3817 2574 3870 Convival-

1510 3900 1805 3950 Quaest.,v.
1848 3903 1900 3947 3.
1967 3896 2081 3948 Illis
2099 3904 2284 3961 ¹autem
2306 3895 2433 3960 ipsis
2457 3910 2577 3946 con-

1510 3975 1750 4026 dimentis
1774 3975 1949 4024 vinum
1978 3973 2255 4038 aliquando
2279 3986 2576 4036 corrumpef

1509 4052 1684 4116 batur,
1725 4051 1861 4100 unde
1904 4051 2135 4103 Martial.
2181 4050 2338 4116 Epig.
2369 4063 2455 4116 ιιι,
2492 4054 2575 4107 76.

1508 4131 1525 4159 ‘
1547 4129 1799 4180 Resinata
1819 4127 1952 4178 bibis
1974 4127 2114 4189 vina,
2135 4127 2355 4189 Falerna
2377 4125 2568 4189 fugire.

1577 4205 1767 4259 Fissilis
1803 4202 1954 4279 obbo]
1985 4203 2149 4252 Poculi
2174 4217 2343 4266 genus,
2359 4202 2449 4251 ‘vel
2486 4203 2579 4264 lig.-

1509 4301 1666 4359 μανι,
1682 4285 1752 4336 vel
1765 4286 2022 4351 exsperto,
2046 4281 2217 4355 inquit
2232 4281 2428 4341 Nouius
2439 4281 2581 4336 Matr
