3084 4934
463 280 599 407 δὲ,

1224 345 1297 397 A.
1345 344 1598 395 Pluton
1639 342 1914 395 nacci

466 492 642 574 Quae
672 492 801 558 nisi
831 493 1126 560 seductis
1142 512 1449 576 nequeas
1475 493 1888 557 committere
1913 489 2137 555 Divis».
2173 540 2178 544 .
2652 576 2660 587 r

460 594 561 663 At
588 598 768 662 bona
795 617 952 682 pars
981 616 1328 681 procerum
1355 597 1561 671 tacita
1588 596 1829 661 libavit
1855 613 2107 659 acerra.
2259 608 2266 617 ·
2629 590 2674 652 5

468 701 677 766 Haud
737 702 952 767 cuivis
1008 706 1335 787 promtum
1422 707 1549 778 est,

725 825 943 870 SUITOS

1632 717 2056 787 murmurque
2109 696 2517 779 humilesque
2572 715 2681 793 suf

458 905 731 972 Tollere
762 907 844 972 de
872 907 1161 991 templiS,
1199 914 1267 973 et
1295 911 1524 990 aperto
1556 906 1779 971 vivere
1806 908 1986 969 voto.

467 1008 668 1076 Mens
697 1011 895 1088 bona,
926 1010 1130 1089 fama,
1163 1009 1348 1090 fideS,
1381 1009 1527 1074 haec
1558 1008 1760 1088 clare,
1790 1012 1858 1071 et
1886 1011 1963 1069 ut
1991 1004 2220 1070 audiat
2243 1004 2486 1089 hospes
2517 1024 2536 1068 ε

463 1202 576 1250 dere
598 1200 711 1250 Diis
731 1200 825 1249 nisi
844 1200 1048 1251 sanatis.
1117 1199 1211 1249 Sed
1240 1200 1504 1264 potentium
1528 1215 1702 1261 magna
1739 1215 1852 1262 pars
1887 1197 2176 1264 sacrificabit
2210 1197 2449 1246 thuribulo
2483 1202 2681 1251 secreto,

471 1265 683 1316 Cuilibet
706 1265 859 1327 facile
878 1281 970 1314 non
993 1271 1061 1314 est
1085 1280 1146 1314 ex
1166 1265 1348 1313 cedibus
1366 1265 1516 1314 sacris
1535 1267 1792 1314 amandare
1824 1268 1871 1313 et
1892 1263 2033 1312 verba
2052 1268 2249 1323 secreta,
2272 1269 2320 1312 et
2339 1278 2469 1311 voces
2488 1262 2683 1312 submis-

466 1345 545 1380 sas
554 1348 576 1393 ;
609 1335 657 1381 et
678 1334 829 1381 vitam
850 1346 990 1395 agere
1005 1329 1354 1396 precationibus
1371 1329 1653 1390 manifestis.
1713 1329 1826 1380 Sint
1845 1330 2032 1379 animus
2051 1344 2209 1392 sanus,
2228 1329 2349 1377 bona
2373 1328 2687 1394 existimatio,

1397 1473 1752 1494 ‘OOOOOOOOOOO

531 1565 565 1612 2
596 1567 796 1626 apponet
830 1562 985 1612 C.—5
1022 1562 1307 1627 Perperam
1329 1562 1417 1611 alii
1439 1561 1559 1613 libri
1575 1560 1772 1610 libabit:
1806 1574 1907 1610 uon
1925 1559 2059 1609 enim
2078 1559 2152 1608 sic
2185 1557 2360 1608 Latini
2379 1556 2683 1621 loquuntur,

1465 1684 1680 1736 NOTAE

470 1783 811 1848 Eutyphrone
864 1784 940 1835 ait
988 1785 1309 1851 quorundam
1349 1778 1535 1846 peten-

468 1859 596 1911 tium
620 1861 918 1924 religionem
942 1861 1109 1910 videri
1127 1868 1358 1910 mutuam
1386 1860 1532 1908 Deos

467 1937 608 1989 inter
630 1943 685 1987 et
701 1928 932 1988 homines
951 1937 1391 1987 nundinationem.
1433 1936 1534 1985 Pe-

469 2016 668 2067 tronius
721 2015 789 2064 de
843 2015 977 2064 illis:
1035 2004 1315 2076 ‘Statims
1345 2013 1532 2077 inquit,

467 2092 485 2121 ‘
505 2099 782 2156 antequam
818 2092 985 2143 limen·
1014 2090 1258 2156 Capitolii
1302 2095 1534 2154 tangant,

467 2168 598 2217 alius
651 2168 841 2219 donum
898 2167 1178 2233 promittit,
1226 2168 1267 2216 si
1322 2167 1534 2231 propin-

467 2260 625 2311 quum
651 2246 868 2297 divitem
889 2245 1162 2307 extulerit:
1198 2243 1327 2294 alius
1356 2244 1400 2293 si
1422 2243 1533 2293 the*

468 2337 675 2373 sauram
697 2321 976 2387 effoderit,’
992 2327 1094 2374 ὅτε.

530 2402 564 2447 4
598 2397 838 2462 Setini-tis]
905 2399 1067 2452 Quasi
1094 2414 1325 2449 seorsum
1361 2398 1534 2449 ductis

467 2481 525 2525 et
564 2475 720 2537 clam,
761 2477 884 2540 quia
919 2474 1086 2540 pudet
1123 2475 1376 2539 ejusmodi
1411 2481 1534 2527 vota

467 2552 638 2617 palam
683 2552 856 2603 facere
897 2559 953 2603 et
995 2568 1172 2604 coram
1224 2554 1531 2618 hominibus,

467 2644 684 2695 quorum
724 2631 838 2681 illos
875 2645 975 2681 uon
998 2631 1162 2695 pudet
1184 2646 1356 2681 coram
1392 2631 1530 2682 Diis.

467 2704 575 2755 Alii
597 2707 865 2773 eprIcant
887 2706 1146 2773 corruptis
1167 2722 1265 2772 per
1285 2721 1530 2758 munera:

460 2780 561 2844 ,sed
585 2796 685 2831 non
709 2783 897 2846 placet.
1407 2779 1412 2785 ’

532 2858 772 2923 Nequeae]
838 2858 904 2909 Id
944 2866 1043 2931 est,
1081 2875 1186 2910 non
1218 2860 1428 2924 audeas,
1448 2861 1532 2910 vel

468 2949 571 3001 non
593 2937 756 3000 possis
781 2937 891 2986 sine
914 2937 1132 3002 pudore,
1152 2943 1207 2989 et
1226 2938 1454 3002 impune.

532 3019 562 3062 5
597 3012 801 3076 Acerra]
834 3014 940 3063 Vas
959 3021 1041 3064 est
1074 3015 1125 3063 in
1159 3030 1261 3080 quo
1297 3016 1412 3066 thus
1441 3015 1537 3081 ad·-

466 3092 711 3142 olendum
737 3091 964 3155 ponitur.
1002 3091 1237 3141 Tacitam
1261 3098 1415 3143 vocat
1433 3108 1531 3158 per

470 3169 864 3232 metonymiam:
900 3166 957 3217 id
981 3175 1079 3233 est,
1097 3169 1174 3218 illi
1201 3171 1349 3220 taciti
1364 3169 1531 3221 libant

466 3259 664 3295 acerra.
748 3245 916 3312 Porro
974 3260 1206 3296 acerram
1252 3246 1531 3312 improprie

467 3323 778 3374 Proceribus
816 3323 997 3374 tribuit
1034 3324 1116 3375 hic
1140 3326 1375 3376 Persius:
1400 3341 1532 3377 ¹nam

465 3400 657 3472 divites
681 3400 746 3451 de
765 3401 914 3450 lance
935 3401 1146 3466 copiosa
1161 3402 1346 3466 libant,
1369 3408 1430 3454 ut
1451 3409 1533 3454 est

467 3472 521 3525 in
544 3475 647 3526 fine
669 3476 821 3542 hujus
845 3478 1056 3528 Satirae:
1083 3494 1338 3544 pauperes
1357 3488 1533 3531 autem

468 3566 668 3618 acerra,
691 3554 742 3604 id
765 3560 865 3618 est,
886 3569 1055 3618 pauca
1078 3556 1242 3605 thuris
1275 3571 1454 3622 grana,
1477 3565 1533 3609 et

467 3630 656 3693 tribus,
706 3639 765 3681 ut
812 3632 976 3697 aiunt,
1027 3632 1202 3697 digitis
1257 3635 1526 3698 prehensa.

467 3707 627 3760 Ovid.
649 3708 684 3758 1.
710 3722 788 3758 lv.
828 3709 894 3758 de
917 3709 1090 3760 Ponto
1113 3711 1265 3776 Eleg.
1287 3714 1336 3763 8.
1372 3712 1387 3741 ⁴
1411 3712 1529 3763 Nec

466 3800 583 3853 quae
604 3788 670 3836 de
690 3802 853 3852 parva
876 3801 1075 3852 pauper
1098 3789 1218 3839 Diis
1240 3788 1371 3841 libat
1389 3803 1532 3841 acer·

465 3866 554 3928 ra;
585 3865 757 3915 Thura
790 3865 956 3915 miuus
995 3866 1177 3930 grandi
1215 3881 1370 3933 quam
1407 3867 1529 3918 data

465 3943 614 3994 lance
640 3942 851 3993 valent?
1090 4002 1099 4013 ,

529 4024 564 4069 6
598 4021 907 4086 Mwmurque
961 4016 1245 4087 humilesque
1295 4024 1530 4092 murras]

464 4098 890 4162 Interpretantur
920 4097 1033 4150 fere
1064 4113 1241 4151 omnes
1264 4101 1330 4152 de
1354 4102 1530 4153 tacitis

466 4175 603 4224 votis
625 4183 683 4225 et
704 4175 970 4240 precibus:
1007 4177 1178 4241 pauci,
1216 4177 1285 4228 de
1322 4179 1532 4230 immur-

469 4251 759 4307 muratione
802 4267 924 4322 qua,
966 4252 1086 4304 dum
1126 4255 1349 4323 quisque
1383 4257 1530 4308 Deos

1615 1786 1768 1844 rogat
1787 1780 1926 1844 quod
1950 1785 2123 1844 optat,
2145 1794 2274 1830 voce
2297 1777 2521 1840 subalta,
2551 1782 2683 1829 tem-

1615 1860 1756 1922 plum
1818 1856 2050 1908 confusis
2106 1856 2321 1908 vocibus
2376 1855 2683 1919 impleretur

1615 1935 2049 2001 turbareturque':
2107 1934 2244 2001 quod
2290 1934 2444 1984 etiam
2490 1933 2565 1982 illi
2613 1932 2679 1983 ad

1615 2015 2019 2065 ostentationem
2057 2011 2349 2063 faciebant:
2386 2012 2521 2061 unde
2557 2011 2684 2061 Per-

1612 2092 1717 2141 sius
1756 2096 1907 2141 mox:
1941 2105 2072 2140 mens
2105 2090 2242 2152 bona,
2262 2093 2361 2140 ὅτε.
2405 2090 2506 2138 haec
2542 2090 2683 2138 clare.

1616 2169 1716 2219 His
1747 2184 1847 2235 ego
1882 2168 2153 2233 astipulor,
2184 2181 2250 2217 ne
2274 2166 2517 2216 videatur
2553 2168 2683 2218 Per-

1614 2247 1719 2297 sius
1741 2246 1920 2307 eadem
1946 2245 2133 2309 saepius
2157 2243 2437 2293 inculcare:
2607 2302 2612 2311 ,

1680 2329 1712 2376 7
1750 2324 2012 2374 Tollerede
2035 2320 2245 2385 templis]
2308 2319 2414 2370 Vix
2438 2333 2593 2385 queas
2613 2316 2682 2369 ir·

1617 2390 1887 2466 religiosos
1927 2404 1982 2448 et
2022 2398 2205 2462 impios
2247 2397 2338 2447 hos
2383 2403 2682 2461 precatores

1617 2490 1797 2526 arcere
1820 2489 1849 2524 e
1873 2474 2102 2539 templis,
2137 2472 2269 2522 adeo
2307 2472 2566 2535 cupiditas
2593 2488 2681 2522 ex·

1614 2559 1800 2616 caecat,
1832 2558 1895 2602 ut
1929 2565 2078 2602 suum
2118 2549 2268 2601 nefas
2307 2564 2409 2599 non
2444 2549 2677 2613 videant3

1612 2631 1689 2679 sic
1727 2635 1900 2694 urget,
1932 2634 1991 2679 ut
2026 2627 2286 2678 abstinere
2323 2641 2422 2676 non
2463 2628 2681 2692 possint.
2748 2660 2757 2669 -

1612 2707 1701 2757 Sic
1744 2705 1885 2770 apud
1931 2705 2089 2756 Ovid.
2131 2705 2272 2754 Fast.
2310 2717 2362 2754 v.
2413 2703 2683 2753 Mercator

1614 2789 1732 2833 orat
1774 2783 2125 2832 Mercurium:
2179 2782 2300 2830 ‘Da
2338 2781 2494 2831 modo
2534 2781 2679 2831 lucra

1614 2860 1829 2910 mihi...
1864 2866 1919 2909 et
1982 2858 2171 2908 emtori
2223 2857 2383 2909 verba
2438 2856 2681 2907 dedisse!

1615 2939 1686 2989 Et
1708 2937 1845 3003 apud
1891 2937 2079 2988 Horat.
2116 2936 2289 3001 Epist.
2315 2950 2352 2985 1.
2379 2940 2459 2986 lo.
2492 2936 2682 3000 impro-

1614 3016 1711 3067 bus
1757 3016 1833 3065 sic
1866 3015 2101 3080 improbe
2145 3019 2419 3079 precatur:
2470 3014 2486 3042 ‘
2512 3014 2683 3064 Labra

1612 3101 1790 3144 movet
1824 3099 2061 3143 metuens
2085 3092 2280 3142 audiri:
2332 3091 2548 3157 pulchra
2585 3092 2681 3142 La·

1612 3188 1793 3237 verna,
1834 3174 1921 3222 Da
1964 3173 2089 3222 mihi
2130 3169 2337 3238 fallere,
2381 3170 2447 3221 da
2474 3172 2678 3236 justum

1616 3244 1956 3316 sanctumque
1997 3250 2195 3312 videri:
2230 3251 2458 3301 Noctem
2496 3265 2683 3315 pecca·

1614 3327 1699 3392 tis,
1720 3335 1776 3392 et
1794 3326 2063 3378 fraudibus
2082 3327 2254 3393 objice
2276 3328 2503 3380 nubem!

1677 3405 1749 3454 Et
1768 3408 1933 3469 aperto
1953 3402 2131 3468 vivere]
2182 3405 2232 3454 N
2235 3419 2296 3455 ec
2319 3405 2395 3454 ita
2417 3403 2576 3456 facile
2597 3414 2681 3457 est

1613 3481 1793 3547 cuivis,
1814 3496 1917 3531 non
1940 3480 2040 3531 nisi
2062 3480 2198 3532 bona
2221 3489 2424 3547 optare,
2456 3482 2585 3532 adeo
2618 3488 2677 3534 ut
2748 3484 2752 3488 ’

1609 3572 1715 3609 non
1747 3558 1944 3624 pudeat
1983 3565 2166 3623 optata
2205 3560 2373 3624 palam
2410 3559 2678 3624 proferre3

1612 3638 1767 3689 etsie
1791 3638 1930 3703 loqui
1954 3653 2072 3688 cum
2103 3638 2393 3688 hominibus
2433 3648 2678 3705 tauquam

1611 3708 1707 3766 Dii
1746 3716 1977 3779 audiant,
2017 3722 2073 3765 et
2110 3716 2187 3765 sic
2226 3730 2343 3766 cum
2379 3715 2511 3781 Diis,
2533 3712 2709 3783 ‹maisi-⁴

1612 3793 1823 3844 audiant
1853 3793 2123 3844 homines:
2159 3794 2297 3857 quod
2330 3794 2678 3858 Philosophiae

1609 3876 1941 3935 praeceptum
1977 3870 2154 3920 laudat
2183 3871 2482 3921 Macrobius
2503 3871 2680 3922 Satur-

1610 3947 1715 3996 nal.
1738 3959 1777 3996 r.
1796 3950 1844 3995 7.

1676 4027 1709 4072 8
1742 4024 1889 4072 Mens
1927 4020 2070 4086 bonu]
2137 4023 2380 4074 Juvenal.
2442 4020 2555 4074 Sat.
2617 4030 2676 4081 'x-

1608 4100 1625 4130 ‘
1651 4099 1923 4151 orandum
1967 4105 2049 4149 est
2088 4104 2148 4149 ut
2181 4099 2253 4150 sit
2279 4112 2425 4149 mens
2459 4114 2586 4149 sana
2622 4100 2677 4150 in

1609 4190 1833 4242 corpore
1876 4176 2038 4227 sano?
2071 4230 2074 4235 ,
2113 4176 2311 4228 Seneca
2362 4171 2535 4241 Epist.
2591 4180 2676 4229 942

1613 4257 1631 4285 ‘
1650 4255 1804 4322 Roga
1811 4254 1997 4309 bonam
2016 4258 2261 4319 mentem,
2275 4253 2463 4306 bonam
2479 4253 2678 4325 valetu-⁸
