3084 4934
557 375 690 445 178

1325 390 1390 439 Α.
1439 387 1689 440 »nasu
1739 386 2006 438 niem
2031 371 2046 384 ‘

556 535 688 602 Dis
712 535 912 619 igitur
941 533 1267 620 genioque
1294 534 1490 603 ducis
1520 542 1789 604 centum
1813 534 2034 621 paria,
2059 533 2151 600 ob
2180 550 2290 599 res

550 638 839 730 ‘Egregie
865 642 1111 723 gestae,
1140 637 1408 705 induco.
1497 638 1676 719 Quis
1689 638 1921 714 ,vetat‘l
1968 636 2162 703 aude.

546 809 743 870 propter
773 802 897 855 bella
923 805 1154 870 predere
1185 804 1413 872 coda-ta,
1432 807 1570 857 edom
1604 809 1792 856 centum
1832 802 1976 869 paria
2011 800 2333 867 gladiatorum
2377 800 2687 867 Numinibus,
2717 807 2766 852 et

549 1022 720 1078 collo!
806 1024 1012 1075 Horum
1061 1028 1121 1076 et
1158 1024 1391 1076 meminit
1432 1026 1611 1076 Caesar

548 1101 840 1152 comment.
862 1100 955 1153 lib.
971 1114 1047 1151 ιν.
1070 1107 1126 1152 et
1138 1116 1194 1153 v.
1214 1102 1281 1153 de
1313 1102 1464 1153 Bello
1485 1103 1613 1155 Gal-

547 1177 651 1229 lico
667 1195 683 1228 2
717 1181 773 1228 et
793 1177 899 1229 alii.

612 1254 926 1319 Ingentesque
975 1256 1100 1307 locat
1141 1257 1355 1308 Caesoniu
1399 1257 1613 1321 Rhenus]

548 1328 774 1381 Accolas
845 1331 1035 1397 Rheni,
1095 1332 1304 1398 grandis
1379 1338 1615 1385 staturae.

545 1406 761 1459 Sueton.
804 1409 971 1474 Calig.
1008 1424 1126 1474 cap.
1167 1415 1248 1463 47.
1291 1411 1307 1439 ‘
1331 1409 1618 1461 Galliarum

547 1500 752 1552 quoque
796 1488 1206 1552 procerissimum
1235 1505 1508 1556 quemque,
1553 1507 1622 1541 ac

546 1563 823 1613 nonnullos
838 1578 869 1613 e
886 1563 1224 1629 Principibus
1243 1567 1370 1632 legit
1389 1581 1451 1618 ac
1467 1582 1620 1633 sepo·

547 1639 656 1689 suit
696 1640 764 1689 ad
807 1640 1085 1704 pompam!
1152 1642 1268 1693 Hos
1310 1658 1485 1694 omnes
1522 1645 1618 1694 tri·

545 1714 727 1781 unpbl
767 1723 1053 1781 apparatus
1096 1719 1329 1784 disponit
1377 1721 1620 1771 Caesonia

544 1807 645 1858 per
681 1787 1065 1860 procuratores,
1106 1798 1192 1848 vel
1238 1797 1384 1862 ipsa;
1415 1799 1612 1865 quippe

546 1887 663 1939 quae
700 1874 854 1925 bellis
893 1876 1052 1926 etiam
1096 1890 1208 1927 sese
1252 1875 1610 1927 immiscebat.
1595 1893 1608 1906 ·

546 1963 824 2015 quamque,
846 1957 909 2002 ut
935 1951 1099 2003 refert
1131 1953 1349 2004 Sueton.
1386 1967 1504 2016 cap.
1527 1956 1611 2003 2⁶.

541 2023 559 2052 ‘
578 2026 817 2092 Caligula
849 2043 991 2094 saepe
1030 2029 1322 2094 chlamyde,
1343 2031 1611 2097 peltaque,

542 2108 600 2152 et
653 2103 802 2168 galea
842 2112 1074 2155 ornatam
1129 2111 1500 2172 armatamque,
1555 2114 1613 2157 et

531 2176 688 2241 juxta
729 2179 1116 2247 adequitantem
1153 2181 1407 2235 militibus
1435 2190 1611 2237 osten·

543 2251 724 2307 debat.
726 2255 743 2279 '

611 2333 853 2399 Caesonio]
917 2336 1164 2401 Caligulae
1202 2352 1376 2427 Ηυκοι,
1422 2337 1620 2401 mulien·¹

542 2491 716 2536 ratore
738 2494 1041 2546 constanter
1057 2490 1317 2582 adamata,
1338 2492 1426 2544 cni
1447 2493 1608 2544 etiam

538 2561 789 2625 philtrum
807 2565 1072 2617 miscuisse
1092 2574 1148 2619 et
1162 2569 1465 2634 propinasse
1486 2570 1614 2621 dici·

545 2644 653 2689 tur.
710 2640 866 2693 Quod
906 2644 1092 2697 scribit
1128 2645 1388 2711 Josephus
1426 2647 1610 2715 Antiq-

541 2728 663 2767 ιιι.
685 2723 743 2770 et
765 2719 979 2771 Sueton.
1003 2735 1054 2773 c.
1072 2726 1157 2772 50.
1174 2724 1191 2752 ‘
1206 2722 1488 2789 Creditur}
1528 2726 1608 2775 in,

535 2790 672 2858 quit,
712 2793 730 2844 ⁴.
754 2796 1054 2859 potionatus
1086 2814 1120 2849 a
1167 2801 1408 2851 Coesonia
1441 2815 1606 2854 uxore

537 2870 790 2923 amatorio
829 2872 1041 2937 quidem
1067 2874 1467 2941 medicamento,
1509 2878 1607 2928 sed

538 2945 679 3010 quod
735 2947 791 2998 in
831 2946 1086 3002 frurorem
1127 2953 1379 3003 verterit!
1420 2987 1425 2992 -
1464 2955 1603 3006 Vide

533 3020 775 3073 Juvenal.
798 3026 912 3077 Sat.
937 3041 1018 3078 vr.
1046 3042 1122 3079 vs.
1143 3033 1260 3081 610.
1294 3035 1351 3080 et
1369 3034 1483 3081 615.
1505 3031 1604 3082 ibi

535 3111 639 3164 que
661 3106 895 3155 annotat·

600 3175 816 3242 Rhenes]
888 3181 1084 3232 Rhenus
1122 3181 1315 3234 fluvius
1376 3184 1603 3250 Europae

534 3252 908 3306 celeberrimus
958 3259 1290 3310 Germaniam
1344 3276 1377 3311 a
1431 3262 1605 3313 Gallia

534 3326 762 3395 separat,
804 3332 921 3385 fluit
971 3351 1002 3385 e
1055 3337 1311 3388 Rboeticis
1355 3338 1602 3405 Alpibus,

534 3404 676 3470 rigat
710 3409 986 3477 Alsatiam,
1017 3413 1390 3482 Palatiuatum,
1431 3415 1600 3480 Agros

536 3479 893 3549 colonienses,
916 3490 1208 3541 Bataviam.

596 3565 663 3612 48
676 3563 985 3629 Disigitar,
1005 3566 1111 3631 εἷα]
1175 3569 1288 3632 Ego
1301 3567 1478 3634 itaque
1498 3568 1603 3636 (ait

531 3637 743 3690 Persius
761 3639 828 3690 ad
850 3640 1143 3707 heredem)
1155 3644 1355 3696 laetitiae
1373 3645 1601 3711 publicae

532 3721 590 3767 et
640 3716 978 3786 Imperatoris
1023 3720 1282 3771 voluntati
1323 3721 1600 3787 indulgens

531 3806 636 3843 non
657 3807 870 3858 parcam
890 3795 1169 3846 sumtibus:
1203 3795 1327 3863 (nec
1367 3805 1424 3848 tu
1463 3798 1600 3849 ausis

529 3870 722 3921 mutire
754 3870 982 3937 contra.)
1047 3874 1178 3937 Ego,
1211 3872 1443 3939 inquam,
1472 3875 1599 3928 Diis

528 3944 764 3998 victorie
777 3949 1075 4013 auspicibus
1088 3957 1248 4016 atque
1263 3951 1566 4003 auctoribus
1578 3968 1595 4013 ;

532 4022 774 4088 Genioque
812 4026 984 4089 Ducis,
1022 4026 1075 4075 id
1111 4033 1210 4091 est,
1252 4026 1593 4096 Imperatoris

531 4096 783 4163 Caligulae
806 4100 1130 4166 sacrificabo,
1144 4105 1247 4154 Asc.
1346 4137 1351 4146 ·

597 4175 844 4242 Genioque
895 4177 1052 4242 dach]
1104 4179 1212 4230 Per
1245 4180 1470 4233 Genium
1511 4181 1595 4235 sni

530 4250 791 4320 Principis
810 4255 956 4320 quasi
988 4270 1085 4322 per
1102 4257 1154 4307 N
1158 4271 1311 4310 nmen
1338 4258 1596 4325 jurabant

1547 934 1769 1012 Nom:

1696 1021 1941 1074 Veteres:
1979 1038 2041 1074 ac
2060 1023 2237 1090 siquis
2258 1023 2568 1089 peJerasset,
2585 1036 2767 1089 ρων

1698 1099 1875 1152 dabat.
1959 1101 2113 1151 Unde
2150 1102 2525 1167 Tertullianus,
2552 1101 2572 1130 ⁸
2601 1100 2768 1154 (ntia

1697 1193 1795 1245 per
1817 1193 1996 1230 omnes
2011 1181 2181 1244 Deos,
2198 1195 2354 1246 quam
2377 1192 2646 1245 perunum
2665 1177 2769 1229 Ge·

1699 1255 1840 1306 nium
1857 1256 2079 1307 Caesaris
2116 1258 2421 1324 pejeratur.’
2461 1256 2531 1305 Et
2551 1256 2767 1306 Sueton.

1641 1342 1648 1348 '
1696 1346 1811 1398 cap.
1829 1337 1916 1383 27.
1940 1331 2015 1383 ait
2036 1333 2104 1382 de
2122 1332 2358 1397 Caligula
2378 1348 2394 1393 ς
2415 1331 2433 1360 ‘
2454 1332 2657 1381 Multos
2678 1331 2767 1382 ho-

1694 1410 1834 1460 nesti
1855 1410 2046 1461 ordinis
2065 1408 2384 1460 deformatos
2401 1408 2542 1473 prius
2557 1408 2768 1473 stigma-

1695 1491 1807 1536 tum
1829 1486 1986 1550 notis,
2008 1486 2075 1535 ad
2098 1486 2330 1549 metalla,
2353 1491 2447 1535 aut
2478 1484 2545 1534 ad
2565 1485 2767 1539 viarum

1694 1562 2027 1625 munitiones,
2043 1568 2136 1613 aut
2154 1562 2221 1613 ad
2244 1561 2437 1612 bestias
2457 1561 2767 1612 condemna-

1691 1639 1788 1705 vit,
1810 1646 1902 1691 aut
1925 1640 2208 1691 bestiarum
2228 1654 2373 1690 more
2406 1636 2769 1705 quadrupedes

1693 1732 1856 1768 cavea
1874 1717 2130 1780 coiircuit,
2149 1723 2242 1767 aut
2270 1716 2468 1766 medios
2500 1730 2646 1765 serra
2666 1714 2767 1765 dis·

1692 1795 1890 1855 secuit;
1904 1808 2003 1845 nec
2020 1808 2199 1845 omnes
2214 1806 2282 1843 ex
2304 1792 2549 1854 gravibus
2566 1792 2767 1855 causis;

1690 1884 1874 1920 verum
1893 1870 2026 1920 male
2059 1870 2126 1920 de
2157 1882 2372 1920 munere
2392 1883 2486 1918 suo
2508 1868 2766 1934 opinatos,

1691 1950 1778 1999 vel
1799 1948 1939 2022 quod
1962 1963 2228 2015 nunquam
2246 1962 2343 2014 per
2366 1946 2594 1999 Genium
2615 1962 2764 1998 suum

1693 2024 2057 2091 dejerassent.’

1757 2102 1961 2152 Centum
1974 2101 2119 2168 pario
2137 2087 2330 2167 induco]
2359 2061 2649 2166 anlicem
2669 2102 2759 2152 he·

1687 2178 1963 2230 catomben
2019 2179 2292 2243 explicant
2346 2178 2526 2244 aliqui,
2595 2179 2764 2244 minus

1600 2287 1606 2294 ·
1688 2253 1842 2319 bene,
1862 2261 1924 2307 ut
1956 2255 2175 2320 opinor.
2210 2254 2395 2306 melius
2431 2255 2542 2330 ulii,=
2576 2261 2764 2314 centum

1682 2332 1826 2397 paria
1864 2333 2225 2397 gladiatorum,
2260 2347 2477 2397 quornm
2512 2333 2764 2397 sanguine

1686 2409 1962 2473 placentur
1978 2408 2088 2470 Dii,
2109 2414 2167 2459 et
2184 2407 2522 2473 Imperatoris
2540 2407 2764 2462 Genius.

1689 2483 1880 2536 Horat.
1901 2485 2005 2537 Sat.
2024 2499 2090 2535 11.
2129 2489 2180 2535 8.
2224 2484 2242 2514 ⁴
2264 2485 2339 2535 Ni
2376 2484 2451 2536 sic
2489 2483 2761 2550 fecissent,

1688 2563 2032 2627 gladiatorum
2075 2561 2201 2612 dare
2257 2568 2470 2613 centum
2512 2562 2764 2615 Damnati

1689 2638 1884 2706 populo
1905 2638 2074 2702 paria,
2084 2644 2244 2704 atque
2266 2637 2510 2704 epulum'
2530 2673 2546 2689 .
2571 2672 2587 2690 .
2605 2638 2763 2692 Quod

1684 2714 1729 2764 si
1760 2715 1845 2766 cui
1879 2714 2089 2765 videtur
2126 2715 2309 2765 mirum
2339 2713 2480 2780 quod
2521 2714 2760 2780 privatus

1684 2793 2048 2859 gladiatorium
2070 2811 2253 2847 munus
2292 2794 2557 2858 exhibeat,
2578 2795 2760 2858 nemi-3

1684 2871 1824 2928 nerit
1854 2872 1994 2937 quod
2026 2871 2192 2924 refert
2223 2871 2502 2923 Suetonius
2533 2873 2761 2936 cap-4⁷.

1683 2946 1997 3013 ‘Scripsisse
2031 2948 2098 2999 ad
2132 2954 2499 3014 procuratores
2523 2960 2644 2997 suos
2660 2947 2762 3000 Cas

1681 3023 1916 3089 ligulam,
1947 3030 2008 3075 ut
2046 3039 2200 3091 quam
2234 3024 2447 3074 minima
2469 3037 2671 3074 summa
2702 3027 2760 3074 et

1681 3099 1935 3166 impensa,
1993 3101 2313 3166 triumphum
2374 3107 2549 3157 tamen
2601 3114 2758 3167 quam

1681 3184 1898 3243 possent
1938 3179 2507 3245 magnificentissimum
2537 3193 2758 3245 appara·

1682 3263 1820 3320 rent,
1839 3262 1897 3307 et
1918 3263 2139 3323 quantos
2175 3273 2437 3324 nunquam
2470 3256 2600 3324 alius
2634 3255 2759 3306 fuis·

1682 3340 1795 3395 set;
1835 3334 2058 3400 ‚quando
2098 3335 2152 3384 in
2209 3335 2436 3390 omnium
2489 3332 2756 3394 hominum

1683 3410 1820 3460 bona
1830 3411 1921 3475 jus
1941 3411 2228 3466 haberent.'
2292 3414 2455 3477 Ergo,
2474 3411 2613 3478 quod
2637 3412 2755 3481 vult
2795 3457 2800 3462 .

1681 3486 2012 3540 casaubonus
2042 3488 2171 3539 satis
2209 3487 2485 3542 verisimile
2507 3494 2610 3552 est,
2632 3485 2758 3537 data

1678 3576 1868 3629 nempe
1885 3578 1951 3614 ea
1972 3570 2235 3629 potestate
2250 3565 2303 3615 in
2322 3564 2607 3615 facultates
2627 3564 2757 3615 civi-

1682 3638 1785 3704 um,
1805 3649 2019 3691 coactos
2037 3641 2270 3708 privatos
2286 3639 2353 3691 de
2376 3655 2469 3690 suo
2493 3653 2753 3706 quemque

1678 3723 1876 3768 sumtus
1936 3722 1993 3767 et
2053 3718 2314 3783 impensas
2374 3718 2444 3767 ad
2501 3717 2753 3783 triumphi

1679 3809 1926 3859 pompam
1989 3793 2246 3860 conferre,
2306 3801 2364 3845 et
2439 3794 2754 3847 contulisse.

1678 3870 1835 3926 Quod
1859 3873 2080 3937 respicit
2100 3872 2339 3923 hocloco
2362 3872 2598 3923 Persius.

1746 3950 1822 4006 Ob
1854 3965 1933 4001 res
1950 3951 2143 4014 egregie
2159 3951 2343 4015 gesta]
2383 3950 2471 4002 Ob
2494 3950 2752 4018 insignem

1676 4028 2056 4090 Germanorum
2077 4026 2299 4091 cladem,
2320 4033 2376 4077 et
2398 4033 2605 4092 partam
2635 4025 2754 4093 feli1

1675 4105 1811 4161 citer
1825 4120 1859 4155 a
1871 4104 2102 4171 Caligula
2114 4103 2182 4155 de
2202 4104 2436 4167 hostibus
2454 4103 2756 4164 victoriam«

1677 4181 1903 4245 Ironice,
1919 4187 1981 4232 ut
2002 4196 2179 4246 supra,

1739 4262 1808 4312 49
1841 4260 1965 4317 Quis
1993 4257 2163 4312 uetat?
2214 4258 2360 4325 aude]
2425 4259 2570 4312 Num
2606 4260 2748 4328 ausis
