3084 4934
512 409 647 479 216

517 577 606 623 tur
644 570 836 621 Bacchi
876 569 1188 623 sacerdotes.
1234 573 1584 625 famu-Et

514 649 714 715 lyncem,
737 648 842 711 δικ]
909 650 1004 698 Est
1045 649 1331 716 descriptio
1369 650 1583 714 alicujus

514 724 755 776 Bacche.
830 727 958 774 Haec
984 725 1164 775 insana
1198 727 1393 776 Bacchi
1413 741 1584 776 sacer·

516 798 611 850 dos
645 802 860 862 (Menas
887 802 1022 850 enim
1048 801 1237 852 dicitur
1259 803 1353 851 ἀπὸ
1372 804 1460 852 τοῦ
1477 800 1584 864 μαί-

519 882 700 939 νεσθαι,
741 877 941 941 furere)
980 880 1187 943 lyncem
1227 882 1415 931 animal
1456 880 1582 930 illud

516 958 834 1007 maculosum
874 957 1154 1007 acutissimi
1190 959 1350 1021 visus,
1392 957 1583 1008 Bacchi

518 1045 726 1084 currum
755 1033 1044 1095 vehentem,
1076 1035 1335 1098 corymbis
1370 1033 1586 1083 hedera·

517 1123 631 1159 rum
653 1109 872 1158 racemis
908 1106 1105 1159 flexura
1139 1116 1195 1159 et
1234 1125 1434 1160 currum
1473 1124 1586 1159 rec-

444 1250 449 1254 ·
516 1193 654 1248 tura,
692 1186 776 1234 illa
818 1186 974 1235 Evina
1013 1186 1310 1248 ingeminat.
1344 1187 1588 1236 Lubet.—

522 1262 755 1322 Fleoeura‚
773 1261 877 1324 ssa]
920 1263 1148 1326 Fingunt
1169 1262 1352 1312 Poiitae
1375 1277 1584 1313 currum

518 1338 715 1391 Bacchi
734 1354 764 1386 a
789 1338 1024 1398 lyncibus
1046 1340 1197 1389 trahi.
1241 1341 1384 1389 Nero
1406 1346 1584 1390 antem
1625 1341 1634 1350 “

517 1414 720 1466 fecerat
775 1432 802 1464 a
862 1416 1094 1479 lyncibus
1154 1416 1273 1466 vehi
1329 1416 1583 1478 Bacchas,

520 1497 772 1555 tantaque
807 1491 1061 1542 facilitate
1100 1493 1287 1542 animal
1326 1492 1493 1542 ferum
1516 1493 1584 1542 ab

518 1568 623 1620 illis
654 1569 780 1633 regi,
820 1575 878 1618 nt
917 1584 1011 1631 pro
1050 1567 1210 1619 frenis
1249 1576 1421 1620 essent
1460 1571 1586 1634 ipsis

522 1644 762 1696 hederae:
802 1661 914 1695 nam
955 1645 1156 1710 flexura
1201 1647 1316 1696 heic
1348 1654 1430 1699 est
1463 1647 1586 1706 ἥνω-

521 1721 760 1790 mma,
781 1730 841 1773 nt
874 1731 1019 1774 recte
1050 1724 1261 1789 quidam
1284 1730 1404 1773 suut
1426 1725 1585 1775 inter·

520 1802 749 1870 pretati:
808 1801 1038 1866 corymbi
1093 1803 1432 1864 συνεκδοχικῶς
1487 1817 1584 1867 pro

519 1884 634 1929 tota
654 1877 867 1940 hedera,
903 1892 1004 1927 non
1044 1879 1182 1927 enim
1211 1877 1374 1942 κυρίας
1393 1880 1585 1943 accipi-

521 1954 726 2005 endum.
796 1954 912 2003 Hoc
954 1961 1129 2006 autem
1168 1961 1373 2020 spectat
1407 1970 1486 2020 co,
1524 1964 1586 2005 ut

518 2031 694 2082 divino
714 2030 891 2082 affiatu
932 2031 1105 2083 furere
1142 2034 1364 2083 Baccbae
1400 2033 1588 2095 proba-

518 2115 715 2172 rentur,
746 2122 851 2157 non
895 2109 1123 2173 impulsu
1166 2110 1387 2159 humano
1422 2108 1582 2160 ferri:

518 2184 572 2234 in
597 2199 747 2249 quam
769 2186 1079 2235 seutentiam
1103 2187 1266 2236 multa
1304 2185 1442 2250 apud
1480 2187 1585 2236 Eu-

520 2263 759 2329 ripidem.
776 2293 781 2298 ·
797 2263 997 2314 Caracal».

585 2345 682 2391 102
721 2342 892 2404 Enim,
912 2342 1021 2404 ssa]
1087 2343 1152 2392 Id
1187 2349 1285 2407 est,
1317 2343 1582 2394 Bacchum

520 2416 725 2477 sublata
754 2431 891 2468 -voce
937 2432 1077 2481 saepe
1120 2418 1384 2468 inclamat.
1451 2419 1585 2468 Bac·

519 2494 645 2544 chus
669 2493 824 2543 Euius
844 2493 1054 2556 digitur,
1074 2495 1155 2543 vel
1177 2495 1316 2560 qued
1338 2495 1392 2544 in
1411 2510 1586 2560 pugna

518 2575 703 2620 contra
727 2568 976 2633 Gigantes
1008 2583 1040 2619 a
1061 2570 1195 2621 Jove
1220 2576 1365 2633 patre
1389 2571 1443 2620 iu
1479 2572 1585 2621 leo-

518 2659 637 2696 nem
647 2646 1185 2708 conversus,Rboetum
1196 2647 1477 2710 Gigantem
1487 2647 1587 2697 dis-

519 2721 795 2786 cerpserit,
811 2720 878 2770 ad
910 2721 1044 2786 quod
1078 2720 1278 2773 fa'ctum
1297 2734 1448 2788 pater
1470 2740 1586 2788 gra-

518 2800 692 2849 tulans
722 2799 918 2849 dixerit
937 2796 990 2848 εὖ
1010 2797 1099 2862 υἱὲ,
1120 2799 1172 2849 id
1195 2806 1296 2862 est,
1316 2815 1451 2866 euge
1471 2802 1549 2851 fili
1571 2818 1586 2864 ;

517 2877 603 2926 vel
633 2876 865 2942 quodibi
888 2876 1090 2927 occisus
1114 2878 1203 2941 sit,
1226 2884 1281 2928 et
1304 2884 1452 2942 pater
1475 2878 1588 2928 dix-

519 2954 638 3018 erit,
668 2951 751 3003 hei
775 2950 862 3016 υἱὲ,
885 2952 937 3001 id
962 2959 1061 3015 est,
1086 2954 1168 3003 bei
1192 2954 1318 3003 mibi
1353 2970 1385 3004 o
1421 2954 1587 3006 fili.—

519 3030 965 3095 Repoerabilis,&c.]
1009 3031 1073 3080 Id
1110 3038 1209 3091 est,
1247 3033 1421 3082 Tanta
1453 3047 1585 3083 voce
1619 3067 1628 3074 ,

517 3108 782 3157 Bacchum
799 3122 938 3171 saepe
961 3108 1260 3159 inclamavit
1279 3109 1473 3159 Bacchi
1495 3110 1587 3158 illa

519 3181 784 3246 sacerdos,
831 3198 1040 3233 currum
1085 3197 1289 3248 regens,
1340 3191 1403 3235 ut
1443 3185 1587 3235 Echo

519 3260 602 3309 vel
626 3273 858 3310 concava
891 3261 1201 3312 convallium
1223 3268 1282 3311 et
1316 3262 1586 3325 montium,

520 3350 700 3388 sonum
721 3335 1455 3401 reddiderine—Raepatabilia]
1504 3339 1585 3387 Eo

519 3412 732 3476 dicitur,
754 3413 875 3478 quia
903 3427 1058 3462 voces
1076 3415 1418 3477 proclamatas
1434 3430 1584 3479 repa-

520 3495 623 3551 rat,
646 3490 746 3540 hoc
769 3497 870 3553 est,
893 3490 1053 3541 iterat
1074 3496 1129 3541 et
1150 3492 1584 3556 repetit‚—-Adso-

516 3567 626 3630 not]
658 3567 724 3618 Id
746 3573 848 3632 est,
871 3581 975 3617 una
996 3569 1383 3632 sonat—Echo]
1430 3570 1585 3621 Hanc

522 3644 678 3696 Ovid.
701 3646 917 3696 Metam.
942 3645 1032 3697 lib.
1056 3659 1145 3696 111.
1175 3645 1308 3696 dicit
1333 3646 1585 3710 virginem

517 3720 697 3786 fuisse,
721 3738 753 3772 a
771 3724 980 3776 Junone
1002 3724 1087 3773 vel
1110 3723 1177 3773 ob
1202 3723 1585 3790 garrulitatem,

518 3801 605 3850 vel
635 3800 776 3866 qnod
805 3801 1070 3853 Junonem
1102 3801 1400 3865 delusisset,
1420 3801 1474 3850 iu
1498 3816 1585 3852 vo·-

517 3871 628 3928 ‘cem
653 3886 924 3944 mutatam.
957 3878 1132 3929 Min.

584 3961 681 4006 103
723 3957 868 4021 Hoec,
910 3958 1017 4021 ξω]
1080 3958 1213 4008 Sunt
1256 3957 1369 4007 haec
1410 3958 1583 4008 Persii

516 4033 699 4097 verba,
731 4034 1118 4098 indignationis,
1158 4034 1590 4102 exprobrationis,

519 4116 576 4161 et
606 4111 856 4161 stomachi
879 4112 1054 4174 plena,
1092 4110 1276 4177 quibus
1299 4111 1582 4161 vanitatem

516 4186 656 4235 illam
695 4185 975 4237 Poetarum
1010 4188 1343 4238 vehementer
1364 4187 1584 4237 ulterius

519 4263 842 4327 perstringit.
879 4264 887 4270 ’
928 4264 1092 4316 Quasi
1136 4264 1303 4315 dicat:
1379 4264 1584 4315 Hoeene

519 4345 625 4390 tam
650 4354 781 4394 vana
801 4347 856 4394 et
874 4339 1133 4408 flagitiosa
1151 4356 1185 4393 a
1214 4340 1364 4395 nobis
1393 4339 1584 4410 tierent

1217 424 1437 478 NOTA-2
1481 426 1890 477 VARIORUM
1940 426 2019 478 ΙΝ

1658 578 1714 624 et
1736 572 2116 636 scriberentur,
2152 571 2196 621 si
2231 572 2314 621 vel
2347 576 2502 636 gutta
2522 570 2728 635 paterni

1658 651 1937 715 sanguinis,
1952 650 2440 713 virilitatis‚virtutis
2455 659 2509 700 et
2529 651 2730 715 sapien-

1656 727 1743 776 tia*
1765 728 1819 776 in
1839 728 1988 777 nobis
2007 736 2149 777 esset
2170 728 2594 793 reliqua?—-Pars
2612 727 2732 791 ulla]

1658 804 1784 866 Alii,
1813 805 1927 854 Una
1947 819 2079 854 vena.
2138 804 2203 854 Id
2228 811 2326 867 est,
2348 807 2400 853 Si
2418 806 2727 870 vel'exiguae

1660 881 1920 945 reliquias,
1944 881 2029 930 vel
2066 881 2181 931 leve
2218 883 2400 931 saltem
2436 882 2730 946 vestigium,

1659 964 1893 1021 paterna·
1936 959 2202 1009 virilitatis
2254 965 2311 1009 et
2359 960 2632 1023 gravitatis
2672 961 2725 1009 in

1659 1033 1806 1083 nobis
1831 1035 2457 1099 superessem—Tatina]
2503 1036 2729 1086 Obscur-

1659 1109 1775 1159 nior
1813 1111 2144 1175 Metapbora‚
2183 1127 2287 1176 qna
2315 1119 2590 1176 paternum
2613 1127 2727 1162 san·

1659 1187 1887 1250 guinem,
1922 1188 2170 1238 virtutem
2211 1197 2266 1238 et
2304 1189 2616 1253 gravitatem
2652 1179 2728 1239 in-

1660 1261 1871 1326 telligit.
1904 1262 2079 1313 Lasia.

1726 1342 1820 1388 104
1854 1338 2064 1403 Samma,
2096 1339 2202 1404 ὅπη]
2269 1341 2389 1391 Hoc
2434 1355 2622 1391 vanum
2669 1350 2726 1393 et

1659 1412 1883 1476 elumbe,
1920 1417 2098 1467 nescio
2138 1432 2241 1482 qua
2277 1418 2442 1481 molli,
2465 1425 2647 1469 tenera
2669 1426 2726 1470 et

1657 1490 1863 1554 liquata
1894 1505 2025 1541 voce
2061 1493 2401 1557 pronunciare
2439 1502 2730 1557 conantnr3

1661 1574 1717 1617 et
1738 1568 1791 1616 in
1814 1568 2023 1618 summis
2047 1569 2225 1632 labris,
2262 1576 2319 1619 et
2342 1584 2541 1619 summa
2562 1572 2729 1621 saliva

1661 1644 2000 1695 recitantibus
2039 1646 2527 1710 natat.-Delambe]
2582 1646 2728 1697 Alias
2767 1711 2770 1712 γ

1661 1721 1887 1781 elumbe,
1917 1722 2093 1783 molle,
2128 1722 2402 1784 lascivum,
2422 1723 2633 1773 minime
2652 1723 2731 1773 vi-

1661 1799 1774 1849 rile.
1840 1798 2093 1859 Intelligit
2116 1799 2239 1851 talia
2273 1798 2522 1864 carmina,
2555 1802 2730 1865 qualia

1658 1876 1894 1940 superius
1930 1877 2447 1940 recitavit.—Salim]
2492 1878 2732 1941 Respicit
2779 1926 2786 1929 .

1658 1954 1724 2003 ad
1763 1954 2001 2018 superins
2037 1955 2233 2018 eliquat.
2269 1953 2458 2004 Lubin.
2525 1954 2731 2005 Elambe

1658 2030 1763 2091 Ιιοσ,
1803 2029 1857 2079 id
1895 2037 1995 2093 est,
2032 2029 2297 2080 delicatuli
2337 2031 2488 2095 hujus
2523 2030 2730 2082 Poesis.

1664 2108 1819 2156 Natat
1837 2122 2020 2157 unna
2039 2108 2193 2157 saliva
2222 2107 2281 2156 ia
2314 2107 2494 2167 flabris,-
2527 2108 2727 2160 nullum

1659 2184 1819 2234 babet
1859 2184 2036 2233 solidae
2075 2184 2383 2234 eruditionis
2424 2182 2732 2235 fundamen·

1658 2267 1802 2322 tum3
1827 2259 1919 2310 sed
1943 2261 1996 2310 in
2018 2261 2264 2311 extremis
2285 2260 2443 2311 labris
2467 2276 2534 2311 ex
2549 2276 2733 2325 super-

1658 2335 1859 2387 ficiaria
1879 2336 2120 2388 doctrina
2142 2337 2364 2402 quadam
2394 2338 2625 2404 nascitur
2647 2346 2733 2389 te-

1657 2427 1805 2464 mere
1824 2420 1879 2468 et
1898 2414 2007 2464 sine
2031 2421 2164 2465 arte.
2231 2416 2329 2465 Vel
2367 2415 2479 2464 haec
2516 2416 2730 2474 enervia
2773 2466 2777 2470 ,

1658 2505 1759 2541 non
1784 2496 2038 2555 petuntur
2056 2507 2123 2542 ex
2154 2491 2260 2541 imo
2293 2497 2529 2556 pectore,
2566 2492 2731 2543 blaese

1659 2572 1864 2617 tantum
1887 2572 1943 2617 et
1963 2573 2147 2617 tenere
2169 2565 2459 2618 formantur
2479 2568 2533 2618 in
2554 2574 2732 2619 extre·

1658 2643 1757 2693 mis
1801 2643 1963 2694 labris
2006 2650 2062 2694 et
2101 2644 2328 2709 primore
2370 2644 2562 2715 lingua,
2609 2659 2729 2710 qnae

1661 2720 1824 2771 saliva
1845 2727 2031 2772 scatet.
2070 2721 2274 2772 Gamo.
2295 2722 2506 2772 Far-nab.

1729 2802 1822 2847 106
1856 2798 1967 2848 Hoc
2005 2799 2165 2863 mat]
2230 2799 2348 2849 Hoc
2372 2812 2561 2849 vanum
2581 2797 2733 2850 nobi·

1659 2875 1796 2926 libus
1816 2875 2007 2926 nostris
2037 2888 2243 2939 semper
2276 2875 2330 2928 in
2368 2890 2459 2926 ore
2495 2881 2596 2925 est.
2664 2875 2756 2926 In·

1658 2952 1838 3016 lingua
1880 2958 1937 3002 et
1991 2951 2153 3002 labris
2194 2952 2359 3002 verba
2411 2950 2736 3002 effoeminant
2817 2945 2832 2962 ‘

1659 3030 1888 3080 molliter
1909 3043 2177 3094 expressa,
2195 3036 2254 3081 et
2274 3031 2329 3079 in
2350 3042 2548 3079 summa
2565 3027 2733 3078 saliva

1660 3107 1966 3157 natantia.—
1980 3107 2053 3158 Ee
2074 3105 2143 3170 in,
2162 3106 2270 3170 ssa]
2320 3107 2536 3172 Semper
2558 3105 2612 3154 in
2635 3120 2731 3157 ore

1661 3184 1786 3234 talia
1821 3182 2047 3234 elumbia
2064 3182 2285 3244 habetis,
2306 3181 2418 3233 sive
2441 3182 2495 3231 in
2528 3197 2732 3232 summa

1660 3260 1839 3323 saliva,
1876 3260 2023 3325 qnasi
2067 3265 2123 3311 et
2166 3260 2220 3309 in
2263 3259 2510 3309 extremis
2551 3258 2733 3321 labris,

1659 3339 1771 3388 sive
1794 3338 1846 3387 iu
1869 3339 2022 3403 pleno
2044 3337 2285 3388 ore—la
2318 3338 2410 3386 udo
2430 3339 2502 3385 est
2525 3335 2732 3398 Menas,

1658 3415 1766 3478 ξω]
1818 3413 2046 3465 Humida
2078 3413 2219 3463 enim
2253 3412 2450 3476 lingua,
2472 3417 2529 3462 et
2561 3411 2729 3461 multo

1659 3492 1872 3544 humore
1896 3496 1951 3542 et
1971 3490 2135 3541 saliva
2154 3495 2377 3553 scatens,
2399 3501 2504 3538 nou
2520 3487 2735 3538 fortiter

1661 3572 1877 3637 aliquid,
1921 3571 2013 3621 sed
2057 3570 2306 3633 molliter,
2349 3567 2626 3631 teneriter,
2671 3574 2732 3617 et
2757 3596 2768 3606 -

1660 3655 1926 3711 enervate,
1949 3646 2277 3713 pronunciat.
2344 3645 2463 3708 Vel,
2484 3643 2655 3695 Poeta
2674 3643 2731 3693 in

1658 3727 1776 3776 iilos
1808 3726 2090 3788 invehitur,
2124 3722 2215 3789 qui
2235 3724 2383 3773 nulla
2403 3736 2543 3778 ‘cura
2575 3727 2630 3771 et
2652 3721 2730 3771 in·

1659 3803 1860 3853 dustria
1876 3802 2134 3853 Poemata
2148 3816 2243 3852 sua
2265 3800 2557 3852 elaborant:
2583 3800 2732 3866 quic·

1659 3882 1782 3946 qnid
1830 3880 2084 3942 scribunt,
2128 3880 2184 3929 in
2227 3879 2330 3929 ndo
2358 3884 2584 3938 ,tantum
2638 3892 2731 3928 ore

1658 3955 1931 4021 superficie
1995 3957 2188 4021 linguae
2249 3962 2431 4005 natum
2498 3954 2731 4018 videtur.

1657 4033 1879 4084 Tur-neb.
1903 4046 2115 4084 xxvru.
2137 4037 2220 4083 26.
2289 4067 2294 4076 ·

1725 4114 1823 4159 106
1841 4111 1967 4172 Nee,
1987 4109 2092 4173 ssa]
2124 4110 2322 4159 Versus
2341 4115 2541 4160 temere
2561 4106 2728 4157 effun-

1657 4187 1813 4250 dunt,
1843 4200 2052 4237 carmen
2084 4179 2277 4236 vanum
2311 4192 2368 4235 et
2405 4183 2635 4246 elumbe,
2672 4192 2760 4236 et.

1656 4266 1799 4318 nulla
1827 4272 1957 4316 cura
1995 4264 2335 4326 elaboratum,
2373 4262 2427 4314 in
2468 4277 2569 4327 quo
2607 4276 2731 4321 cou-

1656 4341 1831 4408 dende
1851 4343 2021 4395 Poeta
2039 4340 2422 4409 cogitabundus
2437 4345 2598 4406 caput
2620 4352 2727 4391 nou
