3084 4934
1257 417 1538 469 sulas
1584 417 1689 474 vr.
2450 401 2582 474 173

356 558 682 644 Negliget
707 560 946 640 iratum,
976 560 1158 646 quod
1181 581 1323 628 rem
1349 564 1746 630 curtaveris:
1788 580 1974 632 urnoe

365 661 547 728 Ossa
568 663 847 729 inodora
871 662 1082 745 dabit,
1113 683 1234 730 seu
1262 666 1512 749 spirent
1538 667 1846 732 cinnama
1872 666 2178 748 surdum,
2489 668 2581 736 3⁶

355 866 473 917 dai.
536 866 610 918 At
630 868 782 917 hares
799 865 1006 932 offensus
1024 867 1144 931 quod
1163 866 1281 918 bonu
1297 866 1592 930 diminuerit,
1621 867 1957 933 preter-mittet
1989 868 2173 933 epulum
2183 864 2409 929 funebre,
2428 870 2487 918 et
2508 867 2562 919 in

357 946 526 983 um·
542 934 706 984 condet
724 947 830 983 ossa
851 940 942 983 tua
961 934 1066 983 siae
1087 932 1319 998 mribus,
1339 933 1513 994 fusilis
1526 933 1753 996 ignor-ure
1768 934 1867 984 siue
1884 933 2226 985 cimus·
2245 932 2437 983 emittat
2455 933 2572 984 odo·

1286 1077 1648 1099 ooeomueoe

355 1181 422 1228 84
452 1176 660 1241 negligit
678 1177 784 1227 Ms.
805 1177 1056 1228 Gan—ss
1091 1177 1287 1229 Omnes
1318 1184 1527 1228 veteres
1565 1177 1790 1227 inodm:
1822 1175 1915 1227 sed
1944 1191 2045 1228 nec
2079 1176 2250 1227 altera
2267 1174 2430 1227 lectio
2477 1175 2573 1227 im·

354 1242 518 1307 proba
556 1250 657 1304 est,
735 1258 851 1293 uam
899 1249 1048 1293 vetus
1084 1242 1343 1308 interpres
1385 1245 1638 1307 agnoscit,
1676 1242 1932 1293 innunt-u.-
1983 1249 2042 1293 et
2097 1247 2408 1307 argutantur
2457 1240 2569 1293 sine

353 1307 574 1373 ratione,
591 1308 716 1374 quii
736 1310 838 1358 lam
856 1305 1023 1357 refelli
1045 1309 1189 1360 aiunt
1211 1323 1242 1358 a
1264 1307 1599 1374 sequentibus
1618 1324 1634 1370 ς
1667 1322 1788 1357 nam
1808 1306 1876 1358 ad
1896 1309 2144 1358 honorein
2179 1305 2417 1357 defuncti
2449 1321 2583 1375 per--

350 1372 577 1435 fluebat,
614 1375 752 1439 quod
791 1380 1024 1423 aromata
1061 1380 1119 1425 et
1165 1373 1350 1425 odores
1395 1373 1450 1423 iu
1488 1388 1670 1424 urnam
1708 1388 1827 1426 cum
1881 1372 2095 1440 reliquis
2136 1371 2565 1438 conjiciebatur.

359 1437 625 1490 cumton.
647 1453 734 1489 ces
755 1439 862 1491 Ms.
899 1438 1017 1489 Gal.

1360 1578 1580 1634 NOTAE

351 1675 426 1728 eis
477 1682 536 1728 et
601 1679 923 1746 propinquis,
976 1687 1096 1745 post
1159 1678 1422 1746 exequias,

349 1753 574 1805 maxime
611 1769 737 1807 vero
775 1757 983 1808 senibus
1016 1764 1073 1806 et
1109 1762 1266 1807 oetate
1303 1770 1423 1820 pro·

352 1830 541 1897 vectis,
583 1832 752 1899 inquit
791 1832 946 1884 Alex.
991 1834 1059 1888 ab
1104 1831 1260 1884 Alex.
1302 1833 1421 1883 loco

348 1919 473 1957 mox
492 1908 683 1960 citato:
719 1916 781 1961 ut
813 1925 909 1975 per
932 1910 1037 1962 viui
1058 1909 1267 1975 cibique
1290 1908 1421 1960 leni-

237 1990 250 2002 ·
349 1996 472 2034 men
509 1985 825 2038 desiderium
864 1986 1100 2039 defuncti
1141 1987 1419 2038 levaretur.

346 2062 400 2112 3.
434 2059 521 2112 Ad
554 2065 848 2128 sepulerum
873 2080 1021 2116 coena
1044 2066 1424 2131 deponebatur,

346 2136 420 2188 ‹le
443 2154 548 2205 qua
567 2141 807 2201 Juvenal.
841 2142 951 2193 Sat.
975 2158 1028 2196 v.
1061 2158 1137 2194 vs.
1163 2148 1246 2193 86.
1279 2148 1294 2172 ⁶
1319 2143 1422 2193 Po-

344 2214 492 2266 nitur
534 2217 726 2283 exigua
774 2218 951 2270 feralis
1005 2235 1156 2271 coena
1188 2220 1421 2285 patella.’

351 2291 424 2343 Et
461 2294 576 2344 baec
625 2295 913 2346 vocabatur
958 2295 1290 2357 silicernium,
1330 2312 1423 2349 seu

351 2369 493 2435 quod
513 2386 628 2422 eam
661 2372 877 2423 Umbrae
895 2374 1106 2425 silentes
1129 2380 1424 2440 cernerent,

350 2461 445 2498 seu
468 2449 604 2514 quod
628 2464 695 2498 ex
716 2465 781 2500 ea
795 2465 898 2500 non
921 2456 1206 2516 gustarent.
1264 2452 1422 2502 Sanc-

348 2530 436 2576 tus
459 2524 781 2592 Augustinus
798 2528 968 2579 Serm.
994 2541 1090 2578 xv.
1126 2528 1191 2577 de
1214 2529 1420 2581 Sanctis

346 2616 415 2651 eo
449 2603 685 2669 respexit
722 2620 841 2655 cum
864 2605 1057 2669 aiebat,
1098 2605 1114 2633 ‘
1138 2606 1307 2656 Miror
1325 2621 1420 2657 cur

349 2680 491 2743 apud
527 2681 774 2746 quosdam
817 2682 1053 2732 infideles
1103 2689 1210 2733 tam
1250 2684 1420 2748 perni—

351 2755 525 2806 ciosus
557 2771 702 2807 error
737 2759 1036 2821 increverit,
1073 2766 1135 2810 ut
1163 2773 1321 2824 super
1343 2768 1418 2811 tu·

334 2833 520 2883 mulos
571 2832 937 2887 defunctorum
988 2836 1135 2888 cibos
1185 2843 1243 2887 et
1296 2838 1419 2887 vina

351 2889 651 2977 conferant,
681 2915 830 2980 quasi
851 2929 1074 2979 egressae
1101 2914 1165 2964 de
1187 2913 1418 2978 corpori·
1492 2955 1501 2960 -

330 2985 447 3037 -bus
480 2989 665 3040 animae
701 2993 933 3040 carnales
957 2989 1102 3042 cibos
1128 2989 1416 3054 requirant.

350 3047 549 3129 Epuilas
569 3068 707 3116 enim
738 3075 795 3117 et
825 3067 1141 3124 refectiones
1162 3081 1285 3117 caro
1308 3074 1418 3120 tau-

349 3148 463 3191 tum
481 3144 721 3209 requirit,
740 3144 954 3207 spiritus
976 3158 1039 3193 au
1047 3151 1152 3195 tem
1173 3150 1230 3195 et
1247 3145 1420 3194 anima

347 3215 430 3267 his
453 3233 555 3270 non
576 3220 840 3285 indigent:
877 3236 1065 3285 parare
1102 3221 1284 3286 aliquis
1314 3222 1418 3271 suis

351 3293 488 3344 caris
530 3294 680 3359 dicit,
738 3296 875 3362 quod
937 3297 1049 3360 ipse
1089 3298 1324 3362 devorat,
1361 3304 1419 3348 et

349 3370 487 3435 quod
510 3379 730 3435 praestat
747 3372 935 3436 ventri,
950 3372 1175 3438 imputat
1196 3374 1421 3438 pietati!
1492 3417 1497 3422 .

348 3446 713 3511 Superstitiosi
746 3449 964 3514 hujusce
983 3451 1114 3501 ritus
1142 3458 1310 3504 restat
1332 3452 1419 3503 ad·

348 3523 452 3575 huc
473 3525 705 3576 nonnihil
723 3527 773 3575 in
798 3526 1080 3578 occitania
1098 3534 1155 3578 et
1174 3529 1290 3578 aliis
1312 3530 1421 3595 qui·

350 3600 568 3654 busdam
605 3602 794 3654 Galliae
833 3605 1088 3668 partibus,
1124 3606 1214 3656 ubi
1249 3607 1418 3670 prima

350 3676 439 3729 die
470 3681 783 3732 Novembris
816 3682 884 3731 ad
917 3696 1189 3747 vesperam
1211 3684 1417 3734 iustrui-

332 3762 440 3807 'tur
478 3772 658 3809 mensa
696 3760 835 3823 vino,
869 3775 1024 3824 pane,
1062 3760 1205 3820 cibo,
1222 3761 1287 3810 ad
1311 3762 1417 3811 ani-

349 3846 459 3883 mas
513 3832 878 3885 defunctorum
931 3837 1075 3901 quasi
1131 3838 1416 3901 pascendas

352 3916 445 3959 aut
462 3911 804 3974 honorandas,
820 3918 877 3962 et
892 3912 958 3963 ad
977 3921 1242 3978 posterum
1266 3929 1417 3965 mane

332 3985 426 4038 ‚sic
440 3987 704 4038 instructa
726 3989 1051 4053 relinquitur.
1091 3990 1229 4041 Plin.
1251 4004 1307 4041 x.
1331 3996 1412 4042 10.

346 4063 685 4131 (mirandum)
730 4072 912 4115 narrat
963 4067 1144 4116 milvos
1197 4081 1415 4131 rapaces

330 4143 497 4207 -licet,
534 4152 591 4195 et
614 4145 892 4207 famelicum
910 4161 1092 4210 semper
1111 4147 1273 4197 alitem
1293 4147 1416 4198 aiau

333 4222 574 4272 -esnrleati
591 4237 760 4286 ωροτε
776 4235 982 4287 unquam
1006 4239 1038 4274 e
1060 4223 1287 4284 funerum
1309 4224 1415 4283 ser·

348 4297 484 4352 cula.
532 4302 582 4351 4.
604 4298 825 4367 Epulum
848 4306 965 4352 erat
994 4300 1322 4366 novendiale,
1360 4306 1419 4354 et

1504 1676 1924 1744 circumpotatio,
1990 1673 2213 1737 Graecis,
2266 1671 2573 1741 περίδειπνον,

1502 1754 1699 1807 Athen.
1738 1769 1867 1808 vm.
1907 1758 1957 1805 7.
1994 1760 2053 1804 et
2087 1760 2213 1804 tunc
2236 1752 2574 1818 jactabantur

1502 1831 1743 1892 defuncti
1769 1832 2048 1898 praeconia,
2063 1845 2170 1881 nou
2190 1831 2302 1881 sine
2337 1829 2575 1881 ambitio·

1502 1911 1571 1960 sis
1587 1909 1985 1961 adulationibus.
2018 1908 2162 1964 Hinc
2179 1908 2425 1960 Graecum
2443 1909 2573 1960 Pro-

1502 1986 1739 2038 verbium
1753 1999 1774 2037 ε·
1823 1987 1910 2036 οὐκ
1940 1985 2000 2037 ἃν
2042 1983 2344 2050 ἑπωεθείης,
2373 1983 2470 2034 οὐδ’
2518 1983 2571 2033 ἐν

1502 2062 1830 2129 περιδείπνοις,
1867 2063 1933 2113 de
1960 2064 2167 2114 homine
2191 2075 2402 2129 prorsus
2422 2060 2572 2111 illau-

1504 2140 1683 2205 dabili,
1704 2141 1758 2194 in
1780 2156 1883 2207 quo
1910 2140 2038 2190 nihil
2058 2146 2142 2194 est
2164 2138 2302 2205 quod
2333 2135 2574 2188 laudetur

1503 2216 1668 2270 etiam
1721 2218 1777 2268 in
1837 2217 1942 2270 illis
2004 2212 2573 2281 circumpotationibus,

1504 2308 1621 2359 quae
1660 2294 1728 2344 ad
1771 2295 1881 2359 ejus
1915 2295 2162 2345 honorem
2199 2299 2320 2359 post
2353 2299 2574 2342 mortem

1501 2369 1865 2435 instituuntur,
1886 2376 1943 2421 et
1980 2371 2035 2420 in
2070 2384 2221 2421 coena
2241 2371 2333 2421 illa
2350 2368 2573 2436 funebri,

1500 2461 1615 2513 quae
1635 2452 1748 2499 tota
1766 2446 2039 2498 ambitiosa
2060 2453 2159 2498 est.
2561 2471 2574 2482 =

1566 2527 1632 2574 84
1667 2523 1807 2581 Quod
1826 2538 1928 2574 rem
1948 2524 2233 2591 enumeris]
2280 2522 2434 2579 Quod
2458 2531 2570 2576 tan·

1501 2607 1614 2652 tum
1648 2601 1716 2654 de
1739 2602 1962 2667 speratis
1997 2602 2145 2653 bonis
2168 2602 2460 2656 detractum
2485 2601 2571 2653 sit.

1501 2680 1690 2730 Horat.
1729 2680 1897 2743 Epist.
1936 2693 2002 2730 11.
2039 2684 2089 2730 2.
2141 2680 2158 2709 ‘
2181 2680 2296 2730 Nee
2341 2686 2570 2732 metuam

1499 2755 1627 2821 quid
1646 2756 1714 2806 de
1736 2771 1820 2806 me
1833 2755 2043 2820 judicet
2075 2756 2259 2820 haeres,
2291 2755 2447 2808 Quod
2468 2770 2572 2815 non

1499 2833 1650 2897 plura
1670 2832 1809 2882 datis
1832 2831 2126 2883 invenerit.’

1571 2908 1743 2972 Urnoe]
1789 2908 2005 2976 Cineres
2029 2907 2394 2959 defunctorum
2421 2922 2568 2960 urnae

1497 2983 1749 3035 immissos
1788 2985 1841 3035 in
1884 2986 2127 3049 sepulcro
2171 2986 2352 3036 solitos
2401 2984 2571 3051 condi,

1498 3062 1691 3113 nemini
1709 3077 1812 3112 non
1835 3072 2174 3129 compertum.

1565 3145 1628 3191 35
1666 3140 1789 3191 Ossa
1808 3143 2028 3206 inodora]
2067 3143 2275 3206 Legunt
2297 3139 2476 3207 aliqui,
2495 3139 2570 3190 in-

1496 3218 1691 3283 honora,
1723 3233 1884 3285 seque
1907 3220 2094 3269 Glossa
2127 3219 2294 3270 veteri
2317 3223 2570 3281 tuentur;

1500 3310 1679 3346 verum
1703 3303 1963 3361 repugnat
1984 3304 2161 3348 textus
2180 3311 2422 3363 sequeuss

1570 3375 1693 3425 Ossa
1713 3375 1908 3425 inodora
1944 3374 2101 3438 dabit]
2145 3375 2271 3426 Sine
2309 3373 2426 3428 ullis
2458 3388 2572 3424 aro·

1500 3452 1745 3514 matibuS,
1769 3458 1862 3503 aut
1886 3452 2011 3501 vilia
2029 3452 2287 3502 duntaxat
2304 3458 2573 3520 unguenta

1501 3528 1789 3579 adhibebit.
1855 3531 1943 3580 De
1984 3529 2063 3579 his
2100 3529 2220 3579 vide
2265 3528 2404 3580 Plin.
2443 3540 2573 3578 1111.

1501 3610 1551 3655 1.
1589 3611 1637 3656 2.
1683 3611 1733 3657 3.
1772 3607 2012 3660 Juvenal.
2056 3607 2167 3657 Sat.
2209 3620 2287 3656 ιν.
2331 3619 2411 3655 vs.
2457 3606 2571 3654 108.

1497 3685 1513 3713 ‘
1535 3687 1609 3736 Et
1629 3688 1885 3736 matutino
1915 3685 2105 3735 sudans
2130 3684 2398 3748 Crispinus
2431 3696 2571 3732 amo·

1495 3777 1602 3824 mo,
1623 3764 1888 3815 Quantum
1910 3762 1999 3820 vix
2022 3761 2261 3811 redolent
2296 3758 2399 3808 duo
2422 3755 2570 3807 fune·

1498 3838 1594 3890 ra.'
1670 3839 2070 3891 Observandum
2112 3837 2373 3902 duplicem
2404 3833 2568 3885 fuisse

1497 3917 1552 3965 in
1589 3914 1859 3966 funeribus
1899 3916 2082 3965 odores
2115 3911 2370 3962 fundendi
2409 3910 2569 3964 ratio-

1492 4006 1629 4044 nem.
1703 3991 1881 4041 Primo
1913 3989 2087 4055 flores,
2125 4003 2357 4051 coronas,
2379 3987 2568 4038 odores

1496 4070 1817 4134 spargebant
1841 4070 1894 4119 in
1919 4069 2111 4118 lectum
2142 4065 2378 4129 feralem,
2408 4064 2567 4129 inque

1493 4147 1666 4212 ipsum
1707 4146 1949 4207 bustum3
1998 4150 2259 4195 testantur
2280 4142 2435 4194 Dion.
2456 4140 2567 4189 Ha·

1494 4223 1680 4274 licarn.
1702 4224 1736 4276 l.
1754 4238 1819 4274 ιι.
1843 4230 1901 4274 et
1916 4222 2020 4273 alii.
2086 4219 2396 4288 Propertius
2417 4217 2567 4283 Eleg.

1497 4315 1578 4353 ιν.
1596 4306 1645 4353 7.
1681 4304 1697 4331 ⁴
1723 4304 1831 4354 Cur
1852 4300 2015 4352 nardo
2034 4297 2255 4349 flammae
2269 4309 2372 4348 non
2387 4294 2564 4356 oluere
