3084 4934
506 371 605 439 '74

1266 384 1338 433 A.
1385 381 1638 441 lensu
1688 383 1956 433 Pnaccl

509 531 874 597 Stemmate
901 528 1079 614 quod
1107 529 1333 597 Tusco
1359 549 1613 597 ramum
1641 529 1994 597 millesime*
2015 527 2228 606 ducis,

510 632 950 698 Censoremne
981 638 1164 696 tuum
1192 633 1301 701 vel
1330 632 1513 716 quod
1540 635 1836 707 trabeate
1865 633 2164 699 salutas?

507 734 621 805 Ad
648 735 968 820 populum
993 735 1337 818 phaleras:
1380 754 1504 818 ego
1533 740 1601 799 te
1628 735 1803 805 intus
1833 734 1997 799 etin
2028 739 2177 799 cute
2200 733 2379 803 novi.

2626 735 2716 802 δῦ

508 839 670 903 Non
695 840 897 922 pudet
926 837 1013 902 ad
1040 857 1287 903 morem
1318 837 1624 904 discincti
1653 840 1876 905 vivere
1908 837 2138 903 Nattae
2160 838 2190 899 'l

503 942 646 1011 Sed
675 946 896 1024 stupet
922 942 1031 1006 hic
1061 941 1250 1019 vitio,
1262 947 1341 1006 .et
1367 942 1549 1007 fibris
1576 942 1854 1006 increvit
1880 941 2178 1024 opimum

497 1068 731 1156 frangere
751 1091 919 1152 ventis,
941 1091 1052 1155 quin
1074 1090 1341 1140 millesimus
1362 1091 1522 1140 trahis
1554 1092 1729 1141 lineum
1752 1089 2090 1140 successionis
2114 1087 2172 1138 ab
2198 1090 2398 1139 Etrusco
2416 1092 2623 1151 gener&
2653 1088 2726 1139 vel

509 1159 648 1222 quod
676 1157 922 1206 Censorem
947 1158 1084 1205 inter
1103 1161 1210 1204 tuos
1227 1158 1426 1220 minitas,
1446 1158 1520 1208 vel
1539 1157 1651 1220 quia
1673 1157 1836 1206 trabea
1864 1158 2066 1205 vestitus
2098 1155 2187 1204 es?
2253 1156 2536 1219 Ad‘plebem
2565 1155 2725 1219 phale-

505 1238 603 1272 ras.
673 1223 782 1284 Ego
803 1227 850 1271 te
868 1236 1091 1282 cognosco
1121 1221 1322 1270 interius
1351 1227 1398 1271 et
1431 1223 1658 1271 exterius.
1728 1223 1886 1284 Numq

1891 1221 1972 1269 uid
2013 1221 2302 1283 noupudore
2333 1220 2538 1286 afficeris
2573 1222 2723 1268 vitam

504 1303 648 1352 ogere
663 1289 725 1337 ud
743 1287 899 1336 instar
922 1287 1090 1335 Natta·
1107 1283 1358 1336 dissoluti?
1387 1286 1460 1336 At
1492 1286 1574 1336 ille
1603 1287 1820 1351 stupidus
1846 1290 1916 1335 est
1937 1285 2124 1347 defectu
2140 1293 2361 1349 naturae,
2383 1292 2431 1334 et
2453 1286 2505 1334 in
2521 1299 2724 1350 precor·

507 1499 597 1563 sit,
639 1499 771 1556 Quid
825 1473 1067 1551 mamm
1133 1501 1225 1552 sed
1271 1499 1427 1552 auter
1468 1499 1652 1566 scripti
1693 1500 1961 1551 lituis-29
2006 1502 2312 1550 omme
2348 1499 2480 1549 Edu.
2520 1499 2723 1564 plurim.
2765 1525 2772 1532 -

1509 1613 1725 1665 NOTAE

571 1725 637 1770 28
670 1721 929 1770 Stemmate
965 1724 1087 1785 quod
1108 1722 1324 1784 Tbusco,
1353 1719 1461 1785 qa]
1495 1721 1573 1771 Eo

1652 1719 1762 1771 Alii
1781 1718 2084 1785 intelligunt
2108 1720 2321 1772 salutari
2344 1720 2587 1785 imagines
2611 1721 2726 1770 Ma·
2757 1747 2759 1749 >

475 1789 650 1869 ‘quod
693 1816 789 1865 per
833 1802 975 1851 mille
1016 1803 1374 1866 generationes
1418 1802 1574 1871 origi·
1643 1798 1888 1862 jorumin
1913 1799 2047 1848 atrio
2068 1803 2285 1849 stantes.
2350 1800 2428 1849 Eo
2451 1799 2590 1864 quod
2611 1798 2720 1849 Ne-

508 1891 628 1927 nem
652 1874 813 1929 ducas
855 1893 921 1928 ex
958 1879 1131 1945 aliqua
1164 1885 1375 1929 vetusta
1397 1887 1452 1929 et
1483 1894 1575 1930 no·

506 1954 603 2006 bili
640 1956 864 2006 Etruriae
898 1955 1117 2006 familia.
1182 1958 1352 2007 Porro
1374 1963 1573 2009 aemma

505 2033 692 2083 Latine
715 2048 907 2083 corona
945 2041 1026 2084 est
1063 2048 1093 2083 e
1124 2031 1335 2083 floribus
1356 2049 1574 2099 praeser-

505 2109 615 2160 tim.
683 2110 1046 2175 Metapborice
1102 2110 1327 2160 sumitur
1377 2118 1432 2162 et
1475 2127 1573 2176 pro

505 2186 776 2253 gentilitiis
816 2187 1121 2250 insignibus,
1152 2194 1214 2257 ‚et
1252 2203 1348 2252 pro
1388 2189 1573 2238 statuis

505 2269 562 2312 et
602 2264 912 2329 imaginibus
955 2265 1234 2329 Majorum,
1274 2281 1388 2331 quae
1427 2281 1575 2316 orna-

506 2340 698 2395 bantur
721 2343 872 2391 sertis
905 2342 1154 2407 ejusmodi
1186 2341 1360 2393 floreis
1398 2350 1455 2394 et
1488 2358 1573 2394 co-

501 2417 680 2467 rollis:
738 2417 866 2466 item
913 2433 1008 2482 pro
1053 2419 1255 2482 arbore,
1302 2427 1359 2468 ut
1405 2421 1572 2482 aiunt,

503 2493 990 2556 consanguinitatis,
1025 2509 1178 2559 quam
1216 2495 1384 2547 ductis
1427 2497 1573 2546 lineis

501 2568 798 2634 additisque
822 2571 1058 2636 rotundis
1079 2571 1258 2636 figuris
1273 2571 1571 2626 efficiebant

502 2646 719 2710 antiqui,
736 2653 792 2696 et
811 2653 1027 2698 stemma
1051 2650 1405 2713 appellabant.
1430 2649 1568 2702 Plin.

503 2735 684 2773 xxxv.
707 2728 755 2773 2.
780 2725 797 2752 ‘
821 2725 1107 2775 Stemmata
1141 2727 1288 2775 lineis
1314 2727 1568 2778 discurre-

501 2792 628 2851 bant
651 2801 713 2851 ad
738 2803 983 2866 imagines
1008 2802 1212 2867 pictaS.'
1251 2803 1385 2853 Vide
1407 2804 1566 2856 Juve-

446 2941 450 2945 ,
500 2880 604 2930 nal.
626 2880 737 2930 Sat.
762 2895 892 2930 vm.
918 2881 1084 2930 initio.

564 2948 772 3009 Remum
791 2959 947 3023 ducis]
981 2959 1195 3009 Lineam
1231 2974 1418 3024 nempe
1455 2975 1568 3010 suc-

500 3035 759 3085 cessionis.
787 3035 1038 3099 Isidorus,
1062 3050 1140 3087 tx.
1169 3042 1216 3089 ὃ.
1260 3038 1443 3088 Solent
1465 3037 1566 3089 Ad-

501 3114 674 3163 vocati
694 3119 986 3174 stemmata,
1010 3116 1120 3164 sive
1155 3117 1468 3166 ramusculos
1491 3114 1567 3165 fa-

499 3204 622 3240 cere
662 3192 715 3240 in
754 3205 960 3255 genere,
991 3207 1110 3241 cum
1148 3191 1336 3256 gradus
1375 3208 1566 3257 cogna-

500 3267 701 3316 tionum
725 3269 1035 3331 partiuntur.

562 3347 628 3393 29
665 3344 969 3393 Censor-etune
990 3344 1146 3409 tuum]
1181 3343 1243 3394 In
1267 3352 1358 3395 tua
1380 3359 1566 3409 cogna-

499 3419 641 3470 tione
664 3427 720 3468 et
741 3426 917 3482 gente.
1379 3472 1382 3476 Α

569 3497 823 3561 Trabeate]
875 3499 1051 3549 Nobili
1080 3506 1242 3550 'veste
1285 3500 1497 3550 indutus
1530 3515 1562 3550 e

499 3587 747 3639 purpura.
802 3573 954 3625 Alex.
991 3576 1057 3626 ab
1091 3574 1245 3627 Alex.
1267 3590 1322 3625 v.
1349 3581 1429 3625 18.
1468 3577 1566 3626 Ro-

498 3650 692 3699 mulum
735 3651 956 3714 primum
997 3651 1177 3705 trabea
1213 3667 1358 3701 usum
1401 3650 1565 3703 fuisse

499 3726 603 3786 ait;
649 3733 704 3776 et
745 3726 937 3790 triplex
975 3726 1172 3777 trabeae
1219 3743 1379 3793 genus
1418 3730 1565 3778 lucu-

497 3804 668 3852 lenter
700 3804 949 3867 explicat.
1004 3804 1137 3853 Vide
1174 3805 1416 3857 Juvenal.
1452 3806 1561 3858 Sat.

497 3893 622 3929 vm.
646 3884 759 3930 259.
785 3880 962 3945 ibique
983 3878 1235 3931 Annotat.

563 3957 778 4020 Sumtus]
816 3956 1070 4006 Nimirum
1102 3957 1157 4007 in
1196 3973 1386 4008 censu:
1424 3968 1563 4024 post-

497 4048 649 4100 quam
672 4033 809 4082 enim
833 4033 1035 4084 Censor
1056 4035 1272 4100 Equites
1300 4037 1561 4088 Romanos

497 4116 893 4174 recognoverat,
915 4109 968 4159 hi
992 4118 1113 4160 aute
1146 4111 1288 4162 illum
1324 4113 1376 4162 iu
1403 4115 1564 4164 tribu-

496 4188 602 4237 nali
660 4187 928 4238 sedentem
990 4189 1452 4241 transvehebantur
1510 4191 1564 4241 in

497 4279 651 4335 equo,
688 4271 745 4316 et
784 4264 984 4337 trabea,
1006 4280 1224 4332 eumque
1247 4267 1561 4321 salutabant.

1653 1875 1792 1924 ronis
1817 1883 2050 1939 tempore
2089 1878 2364 1928 Censores«
2387 1876 2515 1927 nulli
2554 1882 2720 1927 eraut.

1655 1952 1741 2002 lta
1779 1959 1978 2017 pugnat
2014 1951 2304 2005 Autumnus
2345 1954 2591 2007 adversus
2626 1954 2725 2005 cm-

1637 2031 1959 2090 ‘saubonum,
1984 2030 2320 2096 inprimisque
2358 2039 2541 2080 contra
2581 2031 2724 2081 Mar·

1656 2108 1861 2158 cilium:
1897 2115 1953 2158 at
1982 2108 2215 2173 quamvis
2239 2109 2367 2158 nulli
2390 2114 2567 2184 essent
2596 2113 2724 2159 tunc

1657 2186 1927 2249 Censores,
1988 2186 2243 2250 Princeps
2308 2186 2421 2250 ipse
2486 2186 2730 2236 Censoris

1655 2277 1834 2311 munus
1851 2262 1950 2312 hoc
1976 2264 2275 2313 exercebat.

1718 2343 1783 2388 30
1816 2339 1899 2389 Ad
1919 2341 2141 2403 populum
2174 2339 2416 2404 phaleras]
2453 2339 2586 2390 Haec
2607 2354 2723 2389 ver-

1655 2415 1721 2465 ba
1763 2416 1916 2480 plane
1962 2416 2350 2466 accommoda-ta
2384 2415 2447 2466 ad
2489 2417 2724 2481 proposi-

1654 2498 1915 2553 tum,cum
1950 2499 2072 2556 agat
2116 2498 2301 2541 contra
2341 2493 2722 2558 Equitem.Ro·

1652 2583 1874 2619 manum.
1943 2569 2161 2618 Phalerae
2191 2576 2313 2619 suut
2351 2570 2618 2635 equestria
2638 2584 2724 2619 or-

1648 2653 1908 2696 namenta.
1975 2646 2167 2696 Sensus
2208 2653 2320 2697 est:
2377 2662 2441 2699 ue
2486 2653 2719 2697 ostentes

1644 2721 1869 2774 fortunae
1894 2724 2046 2788 bona,
2070 2740 2183 2789 quae
2215 2739 2317 2774 non
2350 2732 2403 2773 te
2437 2724 2717 2775 nobilitant

1645 2801 1828 2864 magis,
1873 2817 2023 2866 quam
2070 2803 2296 2868 phalerae
2340 2819 2549 2868 equum.
2618 2803 2721 2854 Illa

1647 2877 1851 2942 plebem
1894 2880 2187 2945 imperitam
2235 2880 2505 2946 decipiunt
2537 2897 2600 2931 ac
2634 2880 2724 2931 de·

1646 2955 1836 3021 tinent,
1874 2972 1976 3008 non
2032 2967 2202 3008 autem
2246 2959 2384 3008 viros
2430 2959 2716 3023 sapientes,

1647 3033 1737 3097 qui
1758 3048 1787 3082 e
1811 3034 1934 3084 solis
1951 3036 2106 3085 animi
2131 3036 2279 3089 bonis
2301 3036 2558 3086 bominem
2579 3037 2727 3091 aesti-„

1647 3119 1808 3160 mant.
2653 3154 2658 3159 ·

1712 3187 1848 3236 Intus
1886 3191 1931 3236 et
1961 3188 2013 3237 in
2046 3187 2174 3251 cute]
2218 3188 2435 3239 Intimos
2458 3189 2614 3238 animi
2641 3189 2719 3239 tui

1648 3279 1904 3328 recessus,
1931 3273 1998 3326 ,et
2048 3281 2389 3332 quaecumque
2432 3266 2506 3316 ibi
2550 3268 2722 3318 latent

1645 3341 1775 3391 vitia
1798 3341 2069 3405 perspicio.

1710 3423 1770 3469 31
1799 3419 1994 3485 Nattae]
2017 3422 2107 3470 De
2130 3435 2231 3486 quo
2255 3421 2445 3471 Horat.
2471 3419 2583 3470 Sat.
2608 3434 2646 3470 1.
2667 3425 2719 3470 6.

1645 3497 1868 3551 Quidam
1892 3499 2093 3562 legunt,
2117 3500 2309 3548 Naccoe.
2346 3497 2606 3563 Quicquid
2634 3493 2725 3562 sit,
2776 3504 2795 3518 '

1646 3583 1857 3625 constat
1887 3574 2109 3638 intelligi
2145 3574 2401 3623 bominem
2434 3573 2630 3623 deliciis
2665 3577 2721 3623 et

1643 3649 1857 3699 libidine
1885 3650 2168 3715 perditum,
2186 3650 2296 3701 sive
2317 3651 2361 3699 is
2381 3649 2556 3700 infima
2576 3658 2717 3700 sorte

1643 3724 1820 3790 fuerit,
1860 3729 1971 3778 sive
2014 3728 2154 3778 domi
2208 3728 2396 3778 nobilis
2440 3743 2470 3776 a
2517 3728 2722 3781 virtute

1643 3816 1867 3867 paterna
1890 3805 2194 3855 desciverit.

1709 3887 1772 3931 32
1807 3883 1905 3932 Sed
1922 3887 2080 3946 stupet
2102 3881 2203 3945 hic]
2235 3881 2339 3931 Hic
2363 3881 2427 3930 ad
2452 3889 2718 3945 stuporem

1642 3973 1807 4023 usque
1837 3959 1947 4022 jam
1991 3958 2220 4021 devenit,
2257 3973 2356 4007 nec
2396 3973 2451 4007 se
2490 3971 2714 4021 peccare

1647 4034 1913 4085 advertit:
1968 4033 2106 4084 unde
2157 4034 2492 4084 miseratione
2553 4033 2715 4100 magis

1647 4127 1801 4177 quam
1822 4111 2224 4175 reprehensione
2248 4110 2431 4175 dignus
2447 4109 2675 4160 videtur.
2701 4139 2709 4144 -

1712 4189 1874 4240 Fibris
1901 4189 2102 4240 increvit
2135 4189 2341 4254 opimum
2353 4187 2559 4255 pingue]
2598 4189 2720 4246 Ter·

1645 4266 1848 4319 tullian.
1879 4267 1973 4319 lib.
2008 4267 2075 4317 de
2113 4262 2304 4317 Anima
2342 4270 2499 4319 020.
2539 4268 2555 4296 ‘
2583 4260 2717 4332 Opi·-
