3084 4934
506 379 597 449 34

1274 398 1347 447 A.
1396 397 1647 479 umisa
1699 398 1964 448 FLAccl

501 518 862 609 Dictamut
888 546 1248 626 proceres?
1294 545 1426 609 uon
1455 544 2094 629 quioquiddenique
2119 545 2317 612 lectis

502 643 832 710 Scribitur
860 647 927 709 in'
956 644 1221 711 citreis?
1299 646 1605 712 Calidum
1629 649 1765 712 scis
1792 667 2038 730 ponere
2069 666 2338 714 sumen:

502 745 657 811 Scis
689 750 999 812 comitem
1019 748 1419 815 horridulum
1454 752 1611 815 trita
1633 750 1887 814 donare
1915 752 2219 816 lacerna:
2273 802 2278 809 .
2671 752 2720 787 ’ἱ

502 848 614 928 Et,
645 849 916 930 Verum,
947 851 1194 935 inquis,
1226 871 1419 916 amo:
1467 872 1699 916 verum
1728 854 1891 917 mihi
1925 853 2125 918 dicite
2153 852 2234 916 de
2257 873 2386 918 me.

503 948 642 1030 Qui
670 955 877 1036 pote‘l
926 955 1029 1018 vis
1060 954 1326 1018 dicam?
1372 956 1670 1036 nugariS‚
1700 975 1854 1020 cum
1882 955 2029 1034 tibi,
2061 957 2276 1033 calve,

563 1182 680 1216 amc

681 1171 995 1232 omposuerint
1018 1170 1261 1221 Primates
1278 1171 1466 1230 caturi3
1502 1174 1695 1222 tandem
1716 1187 1808 1223 non
1824 1180 1896 1223 est
1910 1174 1961 1224 id
1984 1191 2117 1224 omne

2631 855 2730 937 55

2657 1084 2660 1089 -
2699 1070 2712 1097 a

2138 1177 2259 1240 quod
2277 1182 2505 1227 exaratur
2525 1192 2722 1228 recum·

576 1233 680 1282 udo
702 1233 754 1282 ἱπ
788 1235 938 1283 thoris
959 1251 984 1284 e
1007 1238 1143 1285 dero.
1211 1237 1294 1285 Tu
1330 1238 1455 1286 nosti
1487 1253 1716 1301 apponere
1745 1253 1903 1291 sumen
1931 1240 2193 1300 fervidum.
2260 1243 2402 1291 Nosti
2442 1246 2556 1291 dare
2588 1249 2722 1295 vetus

494 1294 694 1361 pallium
726 1300 915 1348 assecloe
949 1302 1231 1365 pauperculo
1247 1319 1264 1351 .-
1310 1307 1377 1350 ει·
1395 1307 1577 1366 postea
1610 1302 1763 1361 dicis;
1812 1304 1983 1366 Diligo
2003 1306 2282 1363 veritatem,-
2314 1308 2562 1356 veritatem
2601 1310 2720 1360 mihi

501 1362 648 1429 aperi.
717 1364 795 1413 De
813 1379 886 1413 me
908 1365 1165 1431 (quomodo
1188 1365 1389 1432 idfiat?
1423 1410 1429 1421 ,
1458 1368 1610 1418 Visne
1632 1381 1729 1432 ego
1768 1370 1979 1433 aperiam
2019 1371 2117 1422 tibi
2142 1372 2455 1422 veritatem?
2519 1373 2721 1440 Ineptis,

1433 1514 1637 1534 ΝΝΝΟ
1645 1515 1788 1536 000⁴&

500 1608 565 1654 4⁷
599 1603 655 1656 in
691 1605 797 1657 Ms.
831 1604 1032 1661 R.-5o
1064 1609 1195 1659 Attii
1215 1611 1319 1661 Ms.
1344 1614 1409 1664 R.
1476 1614 1593 1666 Atti
1616 1616 1812 1666 e.-52
1852 1617 1966 1681 quid
2003 1619 2124 1682 quoa
2161 1619 2357 1684 denique
2385 1618 2490 1669 Ma.
2532 1617 2720 1695 Gap-ff-

1507 1800 1721 1852 NOTAE

565 1905 632 1950 52
666 1902 912 1970 Prot-eres]
965 1905 1185 1972 Proprie
1230 1917 1352 1960 sunt
1395 1913 1569 1977 capita

502 1977 743 2046 trabium,
777 1996 867 2031 seu
892 1985 1080 2033 mutuli
1108 1986 1161 2035 in
1184 1987 1418 2038 aedificiis
1450 2006 1569 2054 pro-

499 2056 773 2110 minentes.
838 2061 1201 2125 Metaphorice
1224 2072 1344 2116 suut
1367 2066 1570 2118 Prima-

500 2138 581 2183 tes
604 2140 660 2184 et
683 2122 1225 2200 Principes⁴civitatis.

566 2212 729 2262 Lectis
748 2214 997 2278 scribitur]
1031 2215 1456 2281 Interpretantur
1477 2221 1570 2270 ali-

501 2289 591 2355 qui
613 2289 832 2339 tabellas
869 2293 1127 2343 inceratas
1167 2293 1218 2341 in
1242 2295 1426 2360 quibus
1450 2297 1574 2347 scri-

499 2364 699 2414 bebant
721 2365 764 2414 si
791 2381 918 2430 quos
940 2360 1084 2416 mens
1108 2371 1391 2432 parturiret
1412 2377 1572 2425 versi-

431 2491 435 2495 ,
492 2441 666 2503 culos,
703 2455 769 2490 ue
811 2444 1062 2504 perirent.
1129 2444 1204 2496 At
1230 2449 1409 2512 quidni
1438 2452 1574 2502 acci-

500 2516 707 2581 piantur
730 2519 829 2583 ipsi
854 2522 997 2585 lecti,
1034 2537 1127 2573 seu
1150 2525 1486 2577 lucubratorii
1516 2530 1570 2579 in

499 2594 685 2659 quibus
708 2597 987 2649 studebant
1005 2603 1404 2671 scribebautque
1426 2613 1570 2657 vete·

498 2685 604 2737 reg,
639 2678 700 2722 ut
733 2688 863 2723 unus
886 2676 997 2725 vult
1020 2677 1352 2730 Casaubouus
1383 2689 1570 2732 contra

499 2753 706 2812 ceteros
737 2750 1100 2815 Interpretes?
1149 2771 1242 2806 seu
1273 2758 1567 2809 triclinares

499 2829 555 2883 et
590 2825 910 2890 accubitorii,
948 2829 1000 2877 in
1030 2830 1211 2894 quibus
1246 2833 1403 2882 etiam
1425 2834 1565 2885 inter

499 2913 700 2967 coenam
738 2917 915 2953 versus
954 2904 1242 2968 dictabant,
1289 2917 1349 2958 ut
1384 2911 1568 2962 volunt

500 2977 603 3028 alii.
669 2979 813 3044 Lege
835 2981 1047 3033 Sueton.
1086 2984 1136 3032 in
1154 2984 1394 3049 Augusto
1412 3003 1459 3038 c.
1482 2993 1564 3043 78.

498 3053 669 3118 Agell.
694 3071 812 3107 x1x.
836 3064 916 3109 ιο.
953 3061 1091 3110 Plin.
1114 3064 1283 3126 Epist.
1314 3078 1391 3113 ιν.
1419 3070 1498 3115 14.

562 3135 627 3180 53
666 3133 865 3198 Citreis]
885 3136 1080 3185 Ecitro
1105 3139 1336 3201 pretiosa
1359 3141 1563 3192 arbore.

499 3205 615 3261 Quo
640 3207 853 3261 Persius
894 3212 1112 3262 Nobiles
1152 3216 1408 3265 Romanos
1450 3233 1567 3281 per-

496 3291 659 3348 petuo
681 3292 830 3336 notat
847 3287 1080 3340 Perseoes
1096 3291 1268 3341 studio
1287 3307 1566 3357 perperam

501 3360 736 3415 affectos.

562 3440 672 3490 Scis
681 3443 877 3507 ponere]
911 3446 1078 3496 Laute
1097 3448 1293 3513 excipis
1316 3451 1566 3514 homines,

498 3504 716 3587 quorum
738 3533 877 3568 emas
915 3521 1013 3573 hoc
1045 3528 1200 3585 pacto
1233 3523 1476 3591 suffragia
1509 3534 1567 3577 et

497 3595 796 3658 applausus.
1400 3636 1405 3643 .

561 3669 762 3733 Sumen]
797 3672 1066 3725 Ferculum
1108 3683 1223 3726 erat
1261 3679 1564 3732 delicatissi-

496 3761 634 3801 mum
661 3762 689 3796 e
711 3749 941 3799 mammis
965 3765 1136 3814 porcae
1160 3760 1279 3816 post
1298 3763 1563 3810 recentem

496 3831 703 3888 partum
728 3825 884 3873 sectis
901 3833 957 3874 et
991 3829 1097 3876 sale
1136 3831 1375 3887 conditis.
1425 3833 1562 3886 Plin.

497 3913 626 3951 vlu.
649 3906 728 3950 51.
797 3902 949 3952 Quod
989 3911 1180 3967 autem,
1217 3907 1438 3969 calidum,
1473 3910 1562 3959 ad-

497 3976 578 4041 dit
601 3975 835 4038 Persim,
869 3993 934 4026 ne
958 3989 1107 4042 putes
1144 3983 1433 4037 redundare
1457 3987 1562 4051 epi-

498 4055 716 4119 thetum,
752 4056 918 4121 inquit
956 4060 1318 4123 Casaubouus:
1354 4063 1560 4115 ferven-

498 4128 721 4181 tissimos
776 4136 909 4183 euim
962 4136 1104 4186 cibos
1157 4137 1349 4191 inferre
1403 4143 1561 4192 moris

501 4211 637 4262 erat.

563 4285 635 4338 54,
661 4282 770 4338 Scio
790 4288 1002 4340 comitem
1021 4289 1336 4361 horr-iduma]
1373 4294 1575 4349 Horat„

1651 1914 1821 1979 Epist.
1846 1929 1884 1965 1.
1909 1919 1989 1965 19.
2025 1915 2041 1943 ‘
2066 1916 2185 1965 Non
2224 1930 2321 1978 ego
2343 1921 2571 1966 ventosae
2609 1917 2718 1981 ple-

1652 1992 1740 2041 bis‘
1772 1990 2015 2057 suffragia
2051 2006 2212 2041 venor
2256 1992 2511 2056 Impensis
2550 2008 2718 2045 coena-

1652 2083 1763 2119 rum
1784 2076 1840 2118 et
1862 2069 2000 2118 tritae
2023 2082 2237 2117 munere
2256 2066 2447 2125 vestis!

1715 2150 1777 2194 55
1815 2146 1902 2207 Et,
1940 2146 2131 2207 Verum,
2164 2145 2336 2208 inquis,
2378 2144 2504 2207 amo]
2537 2144 2719 2196 *Quasi

1651 2238 1775 2272 vero
1812 2224 1946 2273 bene
1984 2224 2198 2285 sentire,
2244 2220 2304 2272 ef
2332 2222 2505 2270 dicere
2538 2236 2717 2272 verum

1654 2308 1864 2368 queant,
1878 2316 2005 2365 quos
2022 2299 2316 2350 muneribus
2330 2298 2625 2373 corrupisti.
2648 2299 2719 2349 Et
2731 2358 2754 2367 N

1653 2380 1795 2446 quasi
1821 2378 1886 2428 de
1909 2377 2142 2428 versibus
2165 2378 2267 2426 tuis
2291 2383 2436 2425 recte
2458 2375 2719 2440 judicare,

1652 2463 1723 2519 et,
1761 2455 1990 2519 quamvis
2025 2454 2158 2503 bene
2184 2453 2556 2517 judicaverint,
2581 2451 2717 2516 quod

1652 2534 1900 2593 sentiunt,
1941 2532 2039 2581 tibi
2083 2533 2282 2581 sincere
2322 2532 2524 2595 aperire
2561 2532 2719 2581 liceat

1651 2610 1914 2661 convivis(
1997 2611 2085 2660 Illi
2125 2610 2265 2660 certe
2292 2611 2378 2660 «ita
2418 2611 2716 2661 muneribus

1652 2688 1756 2737 tuis
1800 2687 2030 2738 devincti
2074 2702 2176 2736 non
2217 2687 2317 2736 nisi
2361 2690 2624 2738 cumulare
2663 2694 2717 2738 te

1648 2765 1887 2814 laudibus
1911 2764 2176 2814 audebunt
2197 2778 2386 2823 coram,
2409 2765 2509 2813 etsi
2532 2774 2718 2828 postea

1646 2841 1783 2892 forte
1822 2848 1876 2892 te
1916 2841 2136 2891 derisuri
2168 2841 2272 2889 sint
2307 2841 2456 2890 clam.
2524 2842 2717 2893 Horat.

1644 2919 1698 2969 iu
1720 2918 1869 2969 Arte.
1890 2921 1905 2947 ‘
1923 2919 1978 2967 Si
2000 2933 2120 2966 vero
2143 2925 2244 2979 est,
2261 2925 2474 2967 unctum
2491 2918 2582 2982 qui
2606 2930 2724 2968 rece

1648 3003 1701 3045 te
1726 3010 1922 3059 ponere
1959 2995 2461 3059 possitz-Mirabor
2501 2997 2544 3044 si
2582 2994 2717 3047 sciet

1646 3071 2040 3122 iuter-Noscere
2087 3071 2388 3121 mendacem
2409 3087 2715 3139 ’verumque

1648 3148 1832 3202 beatus
1879 3150 2115 3207 amicum.
2215 3149 2292 3197 Tu
2349 3163 2439 3198 seu
2494 3150 2714 3214 donaris,

1649 3240 1737 3275 seu
1784 3226 1910 3290 quid
1950 3227 2141 3276 donare
2182 3225 2325 3274 voles
2367 3226 2469 3290 cui,
2531 3227 2714 3278 Nolito

1647 3303 1714 3351 ad
1736 3317 1918 3352 versus
1940 3304 2033 3352 tibi
2066 3303 2232 3353 factos
2275 3303 2470 3353 ducere
2503 3305 2725 3367 plenum-⁶

1648 3380 1894 3443 Laetitiae,
1918 3381 2169 3433 clamabit
2191 3383 2346 3445 enim,
2363 3382 2600 3446 pulchre,
2624 3382 2712 3432 be-

1646 3471 1731 3519 ne,
1755 3456 1935 3519 recte,’
1959 3460 2056 3507 &a

1720 3533 1892 3582 Verum
1917 3534 2035 3583 mihi
2056 3533 2224 3599 dicite]
2277 3536 2455 3585 Plaut.
2481 3536 2712 3587 Mostell.

1646 3615 1750 3659 act.
1783 3625 1823 3660 1.
1865 3625 1940 3660 sc.
1976 3615 2025 3660 3.
2060 3613 2075 3640 ‘
2104 3613 2218 3675 Ego
2256 3627 2434 3662 verum
2474 3626 2711 3674 moffe-

1648 3701 1760 3741 rum
1783 3687 1899 3737 volo
1921 3689 2047 3737 mihi
2072 3689 2202 3738 dici:
2227 3691 2530 3740 mendacem
2554 3689 2678 3739 odi:

1709 3768 1775 3813 56
1829 3765 1929 3820 Qui
1960 3765 2093 3828 pote]
2182 3767 2454 3818 Quomodo
2503 3765 2558 3816 id
2596 3766 2713 3817 fieri

1644 3839 1811 3903 possit
1842 3848 1902 3891 ut
1931 3842 2206 3892 veritatem
2244 3844 2340 3892 tibi
2375 3844 2548 3894 dicant
2584 3844 2710 3893 isti?

1645 3915 1832 3965 Horat.
1868 3919 1976 3967 Sat.
2017 3931 2056 3966 1.
2094 3923 2144 3968 2.
2177 3923 2193 3947 ‘
2216 3920 2357 3969 Male
2391 3935 2566 3969 verum
2587 3935 2714 3971 exa-

1642 3992 1804 4047 minat
1828 3994 1991 4045 omnis
2016 3995 2304 4059 Corruptus
2324 3998 2360 4048 J
2366 3997 2531 4048 udex.’
2627 4038 2634 4043 .

1704 4069 1849 4133 Pote]
1903 4071 2027 4119 Pote
2046 4070 2306 4136 significat
2330 4075 2473 4137 quasi
2497 4076 2712 4138 possibi-

1642 4144 1709 4194 le.
1777 4147 2011 4197 Catullus
2035 4148 2206 4199 Carm-
2229 4154 2311 4201 77.
2351 4151 2487 4217 quod
2515 4154 2607 4203 *est-
2639 4153 2707 4204 ad

1643 4223 1899 4285 seipsum:
1923 4227 1955 4253 ·‘
1976 4226 2093 4276 Hoc
2136 4225 2317 4293 facies,
2353 4227 2461 4278 sive
2503 4228 2562 4278 id
2604 4245 2712 4283 uon

1641 4304 1783 4365 pote,
1806 4301 1915 4353 sive
1939 4301 2100 4366 pote.’
