3084 4934
496 391 637 461 Μ
1146 405 1530 458 auctusne
1579 404 2012 455 ιιιιιτιοιιυιι
2125 404 2128 405 ’

514 578 527 607 »-
581 551 892 626 zeehtanag
909 560 1059 614 teste
1082 552 1274 614 Catal.
1303 550 1467 632 Lips.
1503 556 1684 621 1782.
1712 548 1893 623 edito,
1923 570 1987 629 p.
2023 549 2126 623 61,
2154 569 2214 611 ιι.
2242 555 2387 623 995.
2416 547 2526 609 nisi
2546 566 2705 611 meu·

585 651 730 712 dum
756 652 978 712 subest.
2603 690 2610 701 ,
2641 688 2646 693 -

508 759 662 822 1507
702 749 1017 829 Lipsiensis
1044 748 1278 828 (Lipzk)
1304 749 1406 810 fol.
1433 750 1688 820 Persius,
1721 748 1848 809 sine
1876 747 2056 808 notis.
2577 754 2592 795 ἰ
2705 749 2718 791 1

504 881 585 892 -
609 847 880 927 Lugdun.
913 847 1013 907 sol.
1045 845 1186 906 min.
1216 867 1268 906 s.
1291 854 1348 906 4.
1373 850 1447 906 A.
1476 846 1658 905 Persii
1687 845 1984 905 familiaris
2011 843 2347 924 explanatio
2377 864 2434 903 c.
2464 844 2708 924 interpr.

583 945 681 1006 Jo.
714 944 1076 1013 Britannici;
1117 943 1435 1023 praemissae
1463 943 1735 1004 Beroaldi
1780 953 1840 1004 et
1889 942 2158 1004 Politiani
2186 942 2244 1001 in
2274 941 2532 1002 Persium
2560 961 2714 1022 prae-

585 1042 905 1111 lectiones,
890 1063 905 1077 ·
946 1041 1064 1101 vid.
1095 1042 1226 1100 Cat.
1256 1040 1410 1099 Bibl.
1441 1039 1534 1099 Ill.
1566 1040 1633 1100 L.
1665 1040 1734 1101 B.
1762 1040 1837 1100 de
1866 1040 2040 1103 Zech.
2074 1060 2134 1100 ιι.
2164 1039 2305 1101 658.
2335 1060 2392 1118 p.
2423 1036 2524 1100 46.

513 1148 671 1215 1510
712 1139 990 1218 Lugdun.
1035 1149 1093 1199 4.
1139 1137 1396 1210 Persius,
1450 1139 1663 1218 Repet·
1710 1139 1806 1200 ed.
1839 1145 2047 1211 ·,·l50‘7
2073 1148 2228 1198 teste
2267 1137 2477 1198 eodem
2522 1137 2712 1199 Catal.

520 1302 528 1313 ,
589 1255 651 1295 ιι.
671 1235 815 1308 659.
1440 1266 1447 1273 ·

513 1338 666 1396 1515
714 1331 963 1393 Persius.
1017 1330 1237 1408 (forsan
1291 1351 1429 1419 cum
1479 1330 1721 1410 interpr
1774 1333 1868 1392 Jo.
1926 1297 2288 1402 Britannici,-
2329 1282 2602 1393 Beroaldi
2654 1338 2756 1390 et-

494 1428 501 1433 ’
518 1426 856 1491 Politiani
890 1428 1179 1507 praelectt.
1216 1436 1279 1488 et
1303 1428 1586 1506 impressa
1612 1447 1720 1506 per
1743 1430 1801 1489 J.
1832 1432 1906 1488 A.
1936 1429 2408 1511 Scinzenzeler)[
2452 1426 2673 1501 Extat
2657 1447 2717 1487 ιιι

589 1525 742 1586 Bibl.
773 1525 1045 1586 Francos.
1074 1526 1151 1586 ad
1180 1527 1269 1586 M.
1291 1535 1438 1587 teste
1466 1526 1657 1589 Catal.
1687 1528 1781 1586 Jo.
1801 1530 1933 1589 Jac.
1961 1528 2152 1587 Lucii.
2557 1546 2564 1551 ⁴
2633 1541 2645 1551 '

507 1657 589 1691 -,--
608 1624 782 1703 Lips.
798 1623 1062 1702 (Liptzk)
1088 1632 1146 1685 4.
1175 1621 1430 1683 Persius.
1476 1622 1613 1682 Vid.
1641 1623 1721 1683 ill.
1752 1592 1948 1683 Zechii
1977 1624 2137 1684 Bibl.
2166 1626 2302 1685 Cat.
2330 1622 2372 1683 l.
2394 1644 2450 1683 c.
2482 1643 2548 1695 n.
2519 1570 2721 1683 660.

513 1694 669 1784 1516
710 1722 952 1793 Veneta,
982 1721 1086 1781 fol.
1111 1720 1635 1800 castigatissimum
1664 1722 1866 1782 Persii
1879 1729 2126 1801 poema.
2172 1742 2309 1781 cum
2349 1721 2522 1781 Joan.
2560 1721 2724 1800 Bap-

528 1870 535 1879 ,
591 1819 746 1881 tistae
792 1819 1007 1880 Plautii
1048 1818 1326 1899 frugifera
1373 1820 1891 1899 interpretatione:
1950 1840 2061 1880 nec
2109 1840 2228 1880 non
2280 1838 2417 1880 cum
2472 1816 2718 1877 Cornuti

591 1918 931 1997 philosophi
977 1918 1109 1995 ejus
1159 1919 1583 1998 praeceptoris:
1645 1917 1886 1978 Joannis
1936 1917 2258 1978 Britannici
2309 1916 2720 1989 Brixianizjac

593 2014 993 2076 Bartholomei
1028 2015 1219 2075 Fontii
1265 2017 1460 2089 aureis
1504 2015 1957 2076 commentariis.
1989 2082 1997 2089 ⁶
2029 2016 2096 2074 In
2117 2014 2268 2075 fine:
2323 2015 2719 2094 ‘impressum

523 2168 539 2188 ,,
595 2112 858 2189 venetiis
900 2132 1006 2192 per
1050 2113 1335 2174 Joannem
1378 2112 1620 2173 rubeum
1663 2112 2110 2173 vercellensem.
2155 2116 2329 2172 Anno
2357 2132 2394 2172 a
2420 2113 2724 2187 nativitate

594 2209 837 2275 Domini
887 2226 1146 2271 Mnxvl.
1176 2209 1269 2269 die
1310 2229 1450 2271 vero
1475 2227 1646 2273 xxv.
1674 2211 1895 2271 Mensis
1922 2211 2140 2289 Aprilis
2170 2212 2470 2290 Regnante
2497 2209 2721 2291 inclyto

593 2328 665 2370 ac
719 2306 1082 2369 foelicissimo
1136 2308 1401 2388 principe
1470 2308 1783 2383 leonardo
1851 2308 2419 2385 Lanredanoss--Sjc
2489 2308 2719 2381 titulum

528 2470 535 2477 ,
596 2405 770 2479 nobis
797 2405 1164 2485 descriptum
1195 2404 1653 2466 communicavit
1703 2404 1789 2465 vir
1833 2396 2285 2481 humanissimus
2315 2400 2471 2485 Aug.
2503 2404 2721 2466 Christ.

598 2503 894 2563 Borheck.
1504 2554 1509 2561 ,
2191 2546 2198 2551 -
2645 2522 2652 2525 ·

517 2635 600 2648 —-
626 2599 982 2672 Daventriae,
1014 2609 1073 2660 4.
1110 2599 1340 2660 Persius
1383 2620 1517 2660 cum
1563 2569 1854 2680 Ecplirasi
1880 2611 1939 2661 et
1968 2601 2219 2665 Scholiis
2258 2602 2355 2663 Jo.
2383 2600 2726 2677 Murmellii.

601 2698 747 2759 Vid..
766 2699 901 2759 Cat.
930 2698 1091 2758 Bibl.
1117 2698 1299 2758 Zech.
1347 2718 1410 2758 ιι.
1436 2696 1597 2773 661.
1621 2700 1745 2777 (Jo.
1775 2701 2146 2763 Murmellius
2194 2699 2343 2760 obiit
2388 2699 2723 2763 Daventriae

614 2799 815 2870 1527)
2355 2856 2362 2865 .

531 2899 683 2967 1517
727 2891 1017 2965 Coloniae,
1059 2901 1098 2951 4
1134 2893 1286 2959 min.
1331 2894 1507 2969 Nova
1545 2864 1962 2955 commentaria
2007 2892 2067 2955 in
2114 2894 2398 2957 Persium.
2427 2897 2520 2961 A.
2547 2894 2727 2957 Persii

596 2990 800 3052 Flacci
829 2992 1056 3069 Satyrae
1085 2992 1522 3069 complusculis
1531 2992 1748 3070 quibus
1776 2991 2084 3052 scatebant
2103 2992 2326 3067 mendis
2355 3005 2723 3075 repurgatas·

520 3166 531 3178 .
600 3091 743 3157 cuni
769 3074 1057 3170 Ecphrasi
1082 3097 1143 3149 et
1169 3088 1417 3150 Scholiis
1434 3090 1683 3151 Joannis
1713 3089 2029 3163 Murmellii
2058 3091 2588 3159 Ruremundensis:

1411 3221 1848 3281 ΜΑ-ιιτιᾼιιε.

847 3334 1059 3426 Sepius
1086 3348 1145 3408 in
1176 3346 1328 3408 libro
1352 3348 1708 3411 memoratur
1727 3350 1963 3412 Persius
1993 3350 2110 3412 uno

930 3447 1125 3515 Quam
1152 3455 1315 3505 totus
1343 3466 1551 3527 magna
1583 3450 1813 3508 Marsus
1842 3442 2224 3510 Amazonide.

610 3564 681 3624 ln
709 3560 864 3622 fine:
912 3561 1315 3639 ‘impressum
1344 3561 1625 3622 Colonie
1609 3582 1668 3621 ιιι
1689 3561 1922 3652 officina
1950 3563 2189 3626 libraria
2218 3565 2515 3634 Quentell.
2561 3568 2728 3627 Αιιιιο

610 3659 850 3723 Domini
898 3657 1297 3719 Mva11.in
1342 3646 1722 3737 Septembri!
1805 3659 2001 3736 Hujus
2050 3663 2145 3720 ed.
2172 3660 2421 3747 rarioris
2469 3663 2729 3747 notitiam

609 3760 894 3820 debemus
924 3757 1046 3815 viro
1085 3755 1474 3817 literatissimo
1502 3759 1578 3817 A.
1606 3759 1678 3817 C.
1706 3757 2004 3818 Borheck.

536 3864 692 3923 1520
719 3853 900 3916 Paris.
929 3863 989 3915 4.
1011 3854 1326 3915 Persiusc.
1353 3853 1597 3933 interpr.
1626 3853 1720 3912 Jo.
1751 3853 2088 3914 Britannici.
2121 3853 2273 3913 Bibl.
2291 3836 2472 3915 zech.
2499 3877 2560 3915 n.
2559 3822 2729 3940 662.

538 3962 690 4015 1522
733 3952 946 4011 Colon.
979 3960 1038 4010 4.
1065 3955 1139 4010 A.
1170 3949 1347 4009 Persii
1376 3936 1570 4009 Flacci
1599 3951 1847 4030 Satyrae,
1874 3936 2336 4016 luculentissima
2359 3953 2649 4031 Ecphrasi
2673 3966 2732 4015 et

614 4049 865 4110 Scholiis
894 4049 1225 4108 doctissimi
1256 4048 1359 4106 viri
1385 4048 1522 4108 Joh.
1550 4048 1863 4105 Murmellii
1894 4048 2390 4108 Ruremundensis
2431 4061 2730 4139 enarratae.

615 4147 896 4204 -Herm.
929 4146 1168 4208 Buschii
1196 4146 1461 4239 epistola,
1491 4166 1607 4224 (1ιι-ι
1634 4145 1896 4205 Persiani
1930 4146 2166 4225 Prologi
2192 4156 2251 4207 et
2278 4147 2484 4231 primae
2511 4150 2732 4237 Satyrae

618 4249 1024 4333 argumentum
1077 4242 1425 4337 explicatur.
1427 4241 1690 4323 —Apud
1746 4243 2025 4303 Sanctam
2078 4243 2364 4306 Ubiorum
2417 4245 2730 4355 Coloniam
