<?xml version="1.0" encoding="UTF-8"?>
<!DOCTYPE html PUBLIC "-//W3C//DTD XHTML 1.0 Transitional//EN"
    "http://www.w3.org/TR/xhtml1/DTD/xhtml1-transitional.dtd">
<html xmlns="http://www.w3.org/1999/xhtml" xml:lang="en" lang="en">
 <head>
  <title>
</title>
<meta http-equiv="Content-Type" content="text/html;charset=utf-8" />
  <meta name='ocr-system' content='tesseract 3.04.00' />
  <meta name='ocr-capabilities' content='ocr_page ocr_carea ocr_par ocr_line ocrx_word'/>
</head>
<body>
  <div class='ocr_page' id='page_1' title='image "./operaomnia00persgoog_0183.png"; bbox 0 0 3084 4934; ppageno 0'>
   <div class='ocr_carea' id='block_1_1' title="bbox 1253 391 1682 456">
    <p class='ocr_par' dir='ltr' id='par_1_1' title="bbox 1253 391 1682 456">
     <span class='ocr_line' id='line_1_1' title="bbox 1253 391 1682 456; baseline -0.005 0"><span class='ocrx_word' id='word_1_1' title='bbox 1253 402 1530 456; x_wconf 66' lang='lat' dir='ltr'>sanna</span> <span class='ocrx_word' id='word_1_2' title='bbox 1577 391 1682 454; x_wconf 68' lang='lat' dir='ltr'>Vl·</span> 
     </span>
    </p>
   </div>
   <div class='ocr_carea' id='block_1_2' title="bbox 2440 381 2580 460">
    <p class='ocr_par' dir='ltr' id='par_1_2' title="bbox 2440 381 2580 460">
     <span class='ocr_line' id='line_1_2' title="bbox 2440 381 2580 460; baseline 0.057 -8"><span class='ocrx_word' id='word_1_3' title='bbox 2440 381 2580 460; x_wconf 58' lang='lat' dir='ltr'>lm</span> 
     </span>
    </p>
   </div>
   <div class='ocr_carea' id='block_1_3' title="bbox 320 546 2136 632">
    <p class='ocr_par' dir='ltr' id='par_1_3' title="bbox 320 546 2136 632">
     <span class='ocr_line' id='line_1_3' title="bbox 320 546 2136 632; baseline -0.001 -18"><span class='ocrx_word' id='word_1_4' title='bbox 320 583 339 595; x_wconf 87' lang='lat'>·-</span> <span class='ocrx_word' id='word_1_5' title='bbox 358 546 714 632; x_wconf 82' lang='lat' dir='ltr'>Discrepet</span> <span class='ocrx_word' id='word_1_6' title='bbox 745 548 851 613; x_wconf 81' lang='lat' dir='ltr'>his</span> <span class='ocrx_word' id='word_1_7' title='bbox 879 546 1109 613; x_wconf 85' lang='lat' dir='ltr'>alius.·</span> <span class='ocrx_word' id='word_1_8' title='bbox 1144 546 1512 628; x_wconf 71' lang='lat' dir='ltr'>·GeminoS‚</span> <span class='ocrx_word' id='word_1_9' title='bbox 1540 548 1941 632; x_wconf 79' lang='lat' dir='ltr'>horoscope,</span> <span class='ocrx_word' id='word_1_10' title='bbox 1966 553 2136 613; x_wconf 67' lang='lat' dir='ltr'>varo</span> 
     </span>
    </p>
   </div>
   <div class='ocr_carea' id='block_1_4' title="bbox 360 649 937 733">
    <p class='ocr_par' dir='ltr' id='par_1_4' title="bbox 360 649 937 733">
     <span class='ocr_line' id='line_1_4' title="bbox 360 649 937 733; baseline -0.003 -17"><span class='ocrx_word' id='word_1_11' title='bbox 360 649 693 717; x_wconf 84' lang='lat' dir='ltr'>Producis</span> <span class='ocrx_word' id='word_1_12' title='bbox 723 651 937 733; x_wconf 77' lang='lat' dir='ltr'>genio,</span> 
     </span>
    </p>
   </div>
   <div class='ocr_carea' id='block_1_5' title="bbox 356 650 2069 942">
    <p class='ocr_par' dir='ltr' id='par_1_5' title="bbox 356 650 2069 942">
     <span class='ocr_line' id='line_1_5' title="bbox 1026 650 1837 736; baseline -0.001 -20"><span class='ocrx_word' id='word_1_13' title='bbox 1026 650 1204 720; x_wconf 78' lang='lat' dir='ltr'>Solis</span> <span class='ocrx_word' id='word_1_14' title='bbox 1231 653 1562 730; x_wconf 75' lang='lat' dir='ltr'>natalibus</span> <span class='ocrx_word' id='word_1_15' title='bbox 1590 651 1837 736; x_wconf 86' lang='lat' dir='ltr'>estqui</span> 
     </span>
     <span class='ocr_line' id='line_1_6' title="bbox 356 752 2069 835; baseline 0 -18"><span class='ocrx_word' id='word_1_16' title='bbox 356 752 600 835; x_wconf 87' lang='lat' dir='ltr'>Tingat</span> <span class='ocrx_word' id='word_1_17' title='bbox 624 754 772 816; x_wconf 89' lang='lat' dir='ltr'>olus</span> <span class='ocrx_word' id='word_1_18' title='bbox 801 753 1055 820; x_wconf 87' lang='lat' dir='ltr'>siccum</span> <span class='ocrx_word' id='word_1_19' title='bbox 1081 753 1297 818; x_wconf 86' lang='lat' dir='ltr'>muria</span> <span class='ocrx_word' id='word_1_20' title='bbox 1321 752 1508 820; x_wconf 82' lang='lat' dir='ltr'>vafer</span> <span class='ocrx_word' id='word_1_21' title='bbox 1534 755 1605 818; x_wconf 91' lang='lat' dir='ltr'>in</span> <span class='ocrx_word' id='word_1_22' title='bbox 1634 753 1844 818; x_wconf 83' lang='lat' dir='ltr'>calice</span> <span class='ocrx_word' id='word_1_23' title='bbox 1870 757 2069 830; x_wconf 85' lang='lat' dir='ltr'>emta,</span> 
     </span>
     <span class='ocr_line' id='line_1_7' title="bbox 359 854 1647 942; baseline 0.001 -22"><span class='ocrx_word' id='word_1_24' title='bbox 359 854 396 920; x_wconf 87' lang='lat'>1</span> <span class='ocrx_word' id='word_1_25' title='bbox 398 873 520 939; x_wconf 81' lang='lat' dir='ltr'>pse</span> <span class='ocrx_word' id='word_1_26' title='bbox 550 865 812 919; x_wconf 83' lang='lat' dir='ltr'>sacrum</span> <span class='ocrx_word' id='word_1_27' title='bbox 843 855 1125 922; x_wconf 86' lang='lat' dir='ltr'>irrorans</span> <span class='ocrx_word' id='word_1_28' title='bbox 1152 856 1401 941; x_wconf 79' lang='lat' dir='ltr'>patinae</span> <span class='ocrx_word' id='word_1_29' title='bbox 1428 857 1647 942; x_wconf 80' lang='lat' dir='ltr'>piper.</span> 
     </span>
    </p>
   </div>
   <div class='ocr_carea' id='block_1_6' title="bbox 1737 743 2570 921">
    <p class='ocr_par' dir='ltr' id='par_1_6' title="bbox 1737 743 2570 921">
     <span class='ocr_line' id='line_1_8' title="bbox 1737 743 2570 921; baseline -0.007 -1"><span class='ocrx_word' id='word_1_30' title='bbox 1737 855 1878 921; x_wconf 92' lang='lat' dir='ltr'>Hic</span> <span class='ocrx_word' id='word_1_31' title='bbox 1907 856 2087 920; x_wconf 85' lang='lat' dir='ltr'>bona</span> <span class='ocrx_word' id='word_1_32' title='bbox 2113 854 2308 919; x_wconf 84' lang='lat' dir='ltr'>dente</span> <span class='ocrx_word' id='word_1_33' title='bbox 2480 743 2570 816; x_wconf 56' lang='lat'>20</span> 
     </span>
    </p>
   </div>
   <div class='ocr_carea' id='block_1_7' title="bbox 357 955 2291 1058">
    <p class='ocr_par' dir='ltr' id='par_1_7' title="bbox 357 955 2291 1058">
     <span class='ocr_line' id='line_1_9' title="bbox 357 955 2291 1058; baseline 0 -36"><span class='ocrx_word' id='word_1_34' title='bbox 357 955 660 1022; x_wconf 81' lang='lat' dir='ltr'>Grandia</span> <span class='ocrx_word' id='word_1_35' title='bbox 685 960 1147 1044; x_wconf 71' lang='lat' dir='ltr'><strong>magnanimus</strong></span> <span class='ocrx_word' id='word_1_36' title='bbox 1176 960 1435 1058; x_wconf 68' lang='lat' dir='ltr'>peragit</span> <span class='ocrx_word' id='word_1_37' title='bbox 1460 980 1649 1043; x_wconf 86' lang='lat' dir='ltr'>puer.</span> <span class='ocrx_word' id='word_1_38' title='bbox 1739 957 1908 1025; x_wconf 82' lang='lat' dir='ltr'>Utar</span> <span class='ocrx_word' id='word_1_39' title='bbox 1935 979 2083 1042; x_wconf 84' lang='lat' dir='ltr'>ego,</span> <span class='ocrx_word' id='word_1_40' title='bbox 2112 963 2291 1041; x_wconf 61' lang='lat' dir='ltr'>utam-5</span> 
     </span>
    </p>
   </div>
   <div class='ocr_carea' id='block_1_8' title="bbox 353 1111 2573 1338">
    <p class='ocr_par' dir='ltr' id='par_1_8' title="bbox 353 1111 2573 1338">
     <span class='ocr_line' id='line_1_10' title="bbox 358 1111 2571 1221; baseline -0.001 -31"><span class='ocrx_word' id='word_1_41' title='bbox 358 1111 565 1205; x_wconf 65' lang='lat' dir='ltr'>roscope,</span> <span class='ocrx_word' id='word_1_42' title='bbox 596 1140 783 1217; x_wconf 75' lang='lat' dir='ltr'>profers</span> <span class='ocrx_word' id='word_1_43' title='bbox 810 1128 1033 1220; x_wconf 55' lang='lat' dir='ltr'>gemellos</span> <span class='ocrx_word' id='word_1_44' title='bbox 1066 1142 1256 1207; x_wconf 71' lang='lat' dir='ltr'>ingenio</span> <span class='ocrx_word' id='word_1_45' title='bbox 1294 1143 1532 1221; x_wconf 61' lang='lat' dir='ltr'>dissimili.</span> <span class='ocrx_word' id='word_1_46' title='bbox 1600 1144 1744 1221; x_wconf 68' lang='lat' dir='ltr'>Unus</span> <span class='ocrx_word' id='word_1_47' title='bbox 1779 1149 1849 1221; x_wconf 62' lang='lat' dir='ltr'>est</span> <span class='ocrx_word' id='word_1_48' title='bbox 1884 1143 1964 1207; x_wconf 73' lang='lat' dir='ltr'>qui</span> <span class='ocrx_word' id='word_1_49' title='bbox 1979 1142 2068 1219; x_wconf 71' lang='lat' dir='ltr'>die</span> <span class='ocrx_word' id='word_1_50' title='bbox 2090 1139 2364 1219; x_wconf 56' lang='lat' dir='ltr'>nativitatis</span> <span class='ocrx_word' id='word_1_51' title='bbox 2382 1142 2571 1216; x_wconf 62' lang='lat' dir='ltr'>tantam</span> 
     </span>
     <span class='ocr_line' id='line_1_11' title="bbox 353 1204 2573 1338; baseline -0.01 -3"><span class='ocrx_word' id='word_1_52' title='bbox 353 1204 1482 1338; x_wconf 53' lang='lat' dir='ltr'>mmmw‘mmw.</span> <span class='ocrx_word' id='word_1_53' title='bbox 1495 1209 2573 1336; x_wconf 52' lang='lat' dir='ltr'>wxaszmffimm</span> 
     </span>
    </p>
   </div>
   <div class='ocr_carea' id='block_1_9' title="bbox 356 1336 520 1385">
    <p class='ocr_par' dir='ltr' id='par_1_9' title="bbox 356 1336 520 1385">
     <span class='ocr_line' id='line_1_12' title="bbox 356 1336 520 1385; baseline 0 0"><span class='ocrx_word' id='word_1_54' title='bbox 356 1336 520 1385; x_wconf 59' lang='lat' dir='ltr'>munit.</span> 
     </span>
    </p>
   </div>
   <div class='ocr_carea' id='block_1_10' title="bbox 589 1336 2574 1405">
    <p class='ocr_par' dir='ltr' id='par_1_10' title="bbox 589 1336 2574 1405">
     <span class='ocr_line' id='line_1_13' title="bbox 589 1336 2574 1405; baseline 0.008 -22"><span class='ocrx_word' id='word_1_55' title='bbox 589 1336 699 1399; x_wconf 77' lang='lat' dir='ltr'>Ego</span> <span class='ocrx_word' id='word_1_56' title='bbox 734 1337 862 1388; x_wconf 89' lang='lat' dir='ltr'>meis</span> <span class='ocrx_word' id='word_1_57' title='bbox 899 1345 1030 1403; x_wconf 80' lang='lat' dir='ltr'>utar,</span> <span class='ocrx_word' id='word_1_58' title='bbox 1053 1344 1183 1403; x_wconf 73' lang='lat' dir='ltr'>utar,</span> <span class='ocrx_word' id='word_1_59' title='bbox 1218 1341 1455 1405; x_wconf 82' lang='lat' dir='ltr'>inquam:</span> <span class='ocrx_word' id='word_1_60' title='bbox 1489 1355 1638 1403; x_wconf 67' lang='lat' dir='ltr'>neque</span> <span class='ocrx_word' id='word_1_61' title='bbox 1670 1344 1919 1405; x_wconf 75' lang='lat' dir='ltr'>propterea</span> <span class='ocrx_word' id='word_1_62' title='bbox 1949 1338 2180 1402; x_wconf 63' lang='lat' dir='ltr'>prodigus</span> <span class='ocrx_word' id='word_1_63' title='bbox 2216 1350 2308 1385; x_wconf 72' lang='lat' dir='ltr'>ero</span> <span class='ocrx_word' id='word_1_64' title='bbox 2343 1347 2574 1399; x_wconf 63' lang='lat' dir='ltr'><strong><em>“PPW‘</em></strong></span> 
     </span>
    </p>
   </div>
   <div class='ocr_carea' id='block_1_11' title="bbox 1287 1467 1647 1488">
    <p class='ocr_par' dir='ltr' id='par_1_11' title="bbox 1287 1467 1647 1488">
     <span class='ocr_line' id='line_1_14' title="bbox 1287 1467 1647 1488; baseline 0.006 -2"><span class='ocrx_word' id='word_1_65' title='bbox 1287 1467 1647 1488; x_wconf 51' lang='lat' dir='ltr'>“O“OOOOOOO</span> 
     </span>
    </p>
   </div>
   <div class='ocr_carea' id='block_1_12' title="bbox 356 1511 2573 1719">
    <p class='ocr_par' dir='ltr' id='par_1_12' title="bbox 356 1511 2573 1719">
     <span class='ocr_line' id='line_1_15' title="bbox 356 1511 2573 1638; baseline -0.001 -43"><span class='ocrx_word' id='word_1_66' title='bbox 356 1548 488 1595; x_wconf 86' lang='lat'>—18</span> <span class='ocrx_word' id='word_1_67' title='bbox 509 1547 642 1596; x_wconf 78' lang='lat' dir='ltr'>vario</span> <span class='ocrx_word' id='word_1_68' title='bbox 663 1547 766 1599; x_wconf 90' lang='lat' dir='ltr'>Ms.</span> <span class='ocrx_word' id='word_1_69' title='bbox 793 1547 1046 1601; x_wconf 56' lang='lat' dir='ltr'>Gan-22</span> <span class='ocrx_word' id='word_1_70' title='bbox 1074 1557 1278 1614; x_wconf 78' lang='lat' dir='ltr'>peragat</span> <span class='ocrx_word' id='word_1_71' title='bbox 1302 1511 1406 1602; x_wconf 78' lang='lat' dir='ltr'>Ms.</span> <span class='ocrx_word' id='word_1_72' title='bbox 1430 1551 1685 1638; x_wconf 44' lang='grc' dir='ltr'>(ἱεὶς-23</span> <span class='ocrx_word' id='word_1_73' title='bbox 1708 1550 1937 1602; x_wconf 72' lang='lat' dir='ltr'>scombros</span> <span class='ocrx_word' id='word_1_74' title='bbox 1957 1550 2063 1601; x_wconf 89' lang='lat' dir='ltr'>Ms.</span> <span class='ocrx_word' id='word_1_75' title='bbox 2083 1547 2200 1599; x_wconf 83' lang='lat' dir='ltr'>Gal.</span> <span class='ocrx_word' id='word_1_76' title='bbox 2224 1546 2324 1596; x_wconf 75' lang='lat' dir='ltr'>hoec</span> <span class='ocrx_word' id='word_1_77' title='bbox 2345 1543 2573 1595; x_wconf 78' lang='lat' dir='ltr'>scrombos</span> 
     </span>
     <span class='ocr_line' id='line_1_16' title="bbox 1355 1665 1573 1719; baseline -0.009 0"><span class='ocrx_word' id='word_1_78' title='bbox 1355 1665 1573 1719; x_wconf 76' lang='lat' dir='ltr'>No&#39;rAE</span> 
     </span>
    </p>
   </div>
   <div class='ocr_carea' id='block_1_13' title="bbox 352 1760 1434 4376">
    <p class='ocr_par' dir='ltr' id='par_1_13' title="bbox 357 1760 1427 2061">
     <span class='ocr_line' id='line_1_17' title="bbox 425 1760 1426 1829; baseline 0.01 -21"><span class='ocrx_word' id='word_1_79' title='bbox 425 1763 488 1808; x_wconf 83' lang='lat'>18</span> <span class='ocrx_word' id='word_1_80' title='bbox 521 1760 774 1826; x_wconf 70' lang='lat' dir='ltr'>Diu-repet</span> <span class='ocrx_word' id='word_1_81' title='bbox 794 1764 873 1814; x_wconf 68' lang='lat' dir='ltr'>his</span> <span class='ocrx_word' id='word_1_82' title='bbox 890 1764 1038 1829; x_wconf 73' lang='lat' dir='ltr'>alius]</span> <span class='ocrx_word' id='word_1_83' title='bbox 1085 1767 1302 1818; x_wconf 82' lang='lat' dir='ltr'>Etiamsi</span> <span class='ocrx_word' id='word_1_84' title='bbox 1318 1768 1426 1817; x_wconf 92' lang='lat' dir='ltr'>lon-</span> 
     </span>
     <span class='ocr_line' id='line_1_18' title="bbox 359 1837 1427 1898; baseline 0.007 -13"><span class='ocrx_word' id='word_1_85' title='bbox 359 1850 426 1898; x_wconf 81' lang='lat' dir='ltr'>ge</span> <span class='ocrx_word' id='word_1_86' title='bbox 447 1837 546 1887; x_wconf 84' lang='lat' dir='ltr'>alia</span> <span class='ocrx_word' id='word_1_87' title='bbox 570 1838 668 1888; x_wconf 83' lang='lat' dir='ltr'>erit</span> <span class='ocrx_word' id='word_1_88' title='bbox 692 1841 802 1890; x_wconf 83' lang='lat' dir='ltr'>aliis</span> <span class='ocrx_word' id='word_1_89' title='bbox 826 1857 971 1892; x_wconf 87' lang='lat' dir='ltr'>mens</span> <span class='ocrx_word' id='word_1_90' title='bbox 1011 1850 1065 1894; x_wconf 88' lang='lat' dir='ltr'>et</span> <span class='ocrx_word' id='word_1_91' title='bbox 1102 1844 1307 1893; x_wconf 75' lang='lat' dir='ltr'>vivendi</span> <span class='ocrx_word' id='word_1_92' title='bbox 1347 1859 1427 1893; x_wconf 89' lang='lat' dir='ltr'>ra-</span> 
     </span>
     <span class='ocr_line' id='line_1_19' title="bbox 357 1911 1427 1985; baseline 0.008 -24"><span class='ocrx_word' id='word_1_93' title='bbox 357 1911 452 1975; x_wconf 90' lang='lat' dir='ltr'>tio,</span> <span class='ocrx_word' id='word_1_94' title='bbox 474 1928 578 1964; x_wconf 88' lang='lat' dir='ltr'>non</span> <span class='ocrx_word' id='word_1_95' title='bbox 604 1916 852 1968; x_wconf 84' lang='lat' dir='ltr'>mirabor:</span> <span class='ocrx_word' id='word_1_96' title='bbox 890 1919 1143 1984; x_wconf 81' lang='lat' dir='ltr'>siquidem</span> <span class='ocrx_word' id='word_1_97' title='bbox 1179 1928 1236 1971; x_wconf 90' lang='lat' dir='ltr'>et</span> <span class='ocrx_word' id='word_1_98' title='bbox 1272 1921 1427 1985; x_wconf 81' lang='lat' dir='ltr'>gemi-</span> 
     </span>
     <span class='ocr_line' id='line_1_20' title="bbox 357 1988 1373 2061; baseline 0.009 -22"><span class='ocrx_word' id='word_1_99' title='bbox 357 1989 413 2039; x_wconf 91' lang='lat' dir='ltr'>ni</span> <span class='ocrx_word' id='word_1_100' title='bbox 435 1988 625 2042; x_wconf 87' lang='lat' dir='ltr'>fratres</span> <span class='ocrx_word' id='word_1_101' title='bbox 647 2008 785 2059; x_wconf 84' lang='lat' dir='ltr'>saepe</span> <span class='ocrx_word' id='word_1_102' title='bbox 806 1995 1110 2061; x_wconf 83' lang='lat' dir='ltr'>discrepant</span> <span class='ocrx_word' id='word_1_103' title='bbox 1127 1999 1373 2048; x_wconf 90' lang='lat' dir='ltr'>moribus.</span> 
     </span>
    </p>

    <p class='ocr_par' dir='ltr' id='par_1_14' title="bbox 356 2067 1428 2362">
     <span class='ocr_line' id='line_1_21' title="bbox 424 2067 1428 2139; baseline 0.01 -23"><span class='ocrx_word' id='word_1_104' title='bbox 424 2067 720 2134; x_wconf 79' lang='lat' dir='ltr'>Horoscope]</span> <span class='ocrx_word' id='word_1_105' title='bbox 771 2071 986 2123; x_wconf 85' lang='lat' dir='ltr'>Astrum</span> <span class='ocrx_word' id='word_1_106' title='bbox 1008 2076 1201 2139; x_wconf 87' lang='lat' dir='ltr'>natale,</span> <span class='ocrx_word' id='word_1_107' title='bbox 1224 2090 1315 2126; x_wconf 90' lang='lat' dir='ltr'>seu</span> <span class='ocrx_word' id='word_1_108' title='bbox 1337 2091 1428 2125; x_wconf 90' lang='lat' dir='ltr'>na-</span> 
     </span>
     <span class='ocr_line' id='line_1_22' title="bbox 356 2144 1428 2219; baseline 0.01 -26"><span class='ocrx_word' id='word_1_109' title='bbox 356 2144 555 2196; x_wconf 82' lang='lat' dir='ltr'>tivitati</span> <span class='ocrx_word' id='word_1_110' title='bbox 599 2150 903 2214; x_wconf 82' lang='lat' dir='ltr'>praesidens,</span> <span class='ocrx_word' id='word_1_111' title='bbox 945 2166 975 2201; x_wconf 88' lang='lat' dir='ltr'>e</span> <span class='ocrx_word' id='word_1_112' title='bbox 1020 2154 1172 2218; x_wconf 84' lang='lat' dir='ltr'>cujus</span> <span class='ocrx_word' id='word_1_113' title='bbox 1226 2159 1428 2219; x_wconf 86' lang='lat' dir='ltr'>specta-</span> 
     </span>
     <span class='ocr_line' id='line_1_23' title="bbox 357 2219 1427 2292; baseline 0.011 -23"><span class='ocrx_word' id='word_1_114' title='bbox 357 2219 503 2271; x_wconf 64' lang='lat' dir='ltr'>tione</span> <span class='ocrx_word' id='word_1_115' title='bbox 555 2221 827 2291; x_wconf 77' lang='lat' dir='ltr'><strong>Astrologi</strong></span> <span class='ocrx_word' id='word_1_116' title='bbox 872 2227 1139 2292; x_wconf 77' lang='lat' dir='ltr'>judiciarii</span> <span class='ocrx_word' id='word_1_117' title='bbox 1188 2230 1427 2282; x_wconf 83' lang='lat' dir='ltr'>divinant</span> 
     </span>
     <span class='ocr_line' id='line_1_24' title="bbox 359 2297 1340 2362; baseline 0.013 -17"><span class='ocrx_word' id='word_1_118' title='bbox 359 2297 486 2362; x_wconf 88' lang='lat' dir='ltr'>quid</span> <span class='ocrx_word' id='word_1_119' title='bbox 507 2298 700 2351; x_wconf 87' lang='lat' dir='ltr'>homiui</span> <span class='ocrx_word' id='word_1_120' title='bbox 722 2304 792 2353; x_wconf 88' lang='lat' dir='ltr'>sit</span> <span class='ocrx_word' id='word_1_121' title='bbox 811 2312 1120 2356; x_wconf 87' lang='lat' dir='ltr'>eventurum</span> <span class='ocrx_word' id='word_1_122' title='bbox 1142 2308 1193 2355; x_wconf 91' lang='lat' dir='ltr'>in</span> <span class='ocrx_word' id='word_1_123' title='bbox 1211 2308 1340 2360; x_wconf 78' lang='lat' dir='ltr'>vita.</span> 
     </span>
    </p>

    <p class='ocr_par' dir='ltr' id='par_1_15' title="bbox 352 2375 1431 3523">
     <span class='ocr_line' id='line_1_25' title="bbox 362 2375 1425 2449; baseline 0.009 -24"><span class='ocrx_word' id='word_1_124' title='bbox 362 2395 367 2402; x_wconf 93' lang='lat'>·</span> <span class='ocrx_word' id='word_1_125' title='bbox 430 2375 556 2428; x_wconf 77' lang='lat' dir='ltr'>Varo</span> <span class='ocrx_word' id='word_1_126' title='bbox 585 2381 805 2442; x_wconf 76' lang='lat' dir='ltr'>producis</span> <span class='ocrx_word' id='word_1_127' title='bbox 823 2381 989 2446; x_wconf 78' lang='lat' dir='ltr'>genio]</span> <span class='ocrx_word' id='word_1_128' title='bbox 1062 2384 1202 2447; x_wconf 73' lang='lat' dir='ltr'>Varo,</span> <span class='ocrx_word' id='word_1_129' title='bbox 1235 2384 1287 2434; x_wconf 92' lang='lat' dir='ltr'>id</span> <span class='ocrx_word' id='word_1_130' title='bbox 1323 2390 1425 2449; x_wconf 89' lang='lat' dir='ltr'>est,</span> 
     </span>
     <span class='ocr_line' id='line_1_26' title="bbox 356 2454 1425 2515; baseline 0.01 -11"><span class='ocrx_word' id='word_1_131' title='bbox 356 2454 503 2505; x_wconf 79' lang='lat' dir='ltr'>vario</span> <span class='ocrx_word' id='word_1_132' title='bbox 545 2472 609 2507; x_wconf 90' lang='lat' dir='ltr'>ac</span> <span class='ocrx_word' id='word_1_133' title='bbox 654 2459 910 2512; x_wconf 75' lang='lat' dir='ltr'>dissimili.</span> <span class='ocrx_word' id='word_1_134' title='bbox 997 2463 1134 2513; x_wconf 86' lang='lat' dir='ltr'>Vide</span> <span class='ocrx_word' id='word_1_135' title='bbox 1188 2464 1300 2515; x_wconf 89' lang='lat' dir='ltr'>Sat.</span> <span class='ocrx_word' id='word_1_136' title='bbox 1345 2478 1425 2515; x_wconf 77' lang='lat' dir='ltr'>lv·</span> 
     </span>
     <span class='ocr_line' id='line_1_27' title="bbox 355 2535 1428 2605; baseline 0.008 -23"><span class='ocrx_word' id='word_1_137' title='bbox 355 2546 435 2584; x_wconf 82' lang='lat' dir='ltr'>vs.</span> <span class='ocrx_word' id='word_1_138' title='bbox 461 2537 542 2584; x_wconf 75' lang='lat'>12.</span> <span class='ocrx_word' id='word_1_139' title='bbox 581 2535 649 2585; x_wconf 88' lang='lat' dir='ltr'>ad</span> <span class='ocrx_word' id='word_1_140' title='bbox 671 2536 783 2588; x_wconf 78' lang='lat' dir='ltr'>haec</span> <span class='ocrx_word' id='word_1_141' title='bbox 806 2539 991 2590; x_wconf 84' lang='lat' dir='ltr'>verba:</span> <span class='ocrx_word' id='word_1_142' title='bbox 1027 2541 1180 2590; x_wconf 75' lang='lat' dir='ltr'>Fallit</span> <span class='ocrx_word' id='word_1_143' title='bbox 1203 2544 1325 2605; x_wconf 81' lang='lat' dir='ltr'>pede</span> <span class='ocrx_word' id='word_1_144' title='bbox 1354 2556 1428 2591; x_wconf 85' lang='lat' dir='ltr'>re·</span> 
     </span>
     <span class='ocr_line' id='line_1_28' title="bbox 352 2611 1430 2680; baseline 0.008 -21"><span class='ocrx_word' id='word_1_145' title='bbox 352 2611 473 2672; x_wconf 68' lang='lat' dir='ltr'>gula</span> <span class='ocrx_word' id='word_1_146' title='bbox 494 2627 622 2663; x_wconf 75' lang='lat' dir='ltr'>varo.</span> <span class='ocrx_word' id='word_1_147' title='bbox 689 2613 949 2680; x_wconf 70' lang='lat' dir='ltr'>Quicquid</span> <span class='ocrx_word' id='word_1_148' title='bbox 970 2632 1097 2667; x_wconf 81' lang='lat' dir='ltr'>vero</span> <span class='ocrx_word' id='word_1_149' title='bbox 1130 2618 1430 2668; x_wconf 84' lang='lat' dir='ltr'>Astronomi</span> 
     </span>
     <span class='ocr_line' id='line_1_29' title="bbox 359 2686 1429 2751; baseline 0.009 -17"><span class='ocrx_word' id='word_1_150' title='bbox 359 2686 614 2751; x_wconf 79' lang='lat' dir='ltr'>garriant,</span> <span class='ocrx_word' id='word_1_151' title='bbox 625 2689 782 2739; x_wconf 84' lang='lat' dir='ltr'>etiam</span> <span class='ocrx_word' id='word_1_152' title='bbox 802 2691 899 2741; x_wconf 89' lang='lat' dir='ltr'>sub</span> <span class='ocrx_word' id='word_1_153' title='bbox 922 2691 1102 2742; x_wconf 88' lang='lat' dir='ltr'>eadem</span> <span class='ocrx_word' id='word_1_154' title='bbox 1123 2696 1277 2744; x_wconf 82' lang='lat' dir='ltr'>stella</span> <span class='ocrx_word' id='word_1_155' title='bbox 1294 2694 1429 2745; x_wconf 87' lang='lat' dir='ltr'>natis</span> 
     </span>
     <span class='ocr_line' id='line_1_30' title="bbox 359 2761 1428 2835; baseline 0.008 -24"><span class='ocrx_word' id='word_1_156' title='bbox 359 2761 631 2814; x_wconf 88' lang='lat' dir='ltr'>dissimilia</span> <span class='ocrx_word' id='word_1_157' title='bbox 685 2767 989 2832; x_wconf 81' lang='lat' dir='ltr'>contingere</span> <span class='ocrx_word' id='word_1_158' title='bbox 1043 2761 1428 2835; x_wconf 72' lang='lat' dir='ltr'>nonnunquam,</span> 
     </span>
     <span class='ocr_line' id='line_1_31' title="bbox 358 2845 1427 2911; baseline 0.007 -22"><span class='ocrx_word' id='word_1_159' title='bbox 358 2846 564 2891; x_wconf 89' lang='lat' dir='ltr'>certum</span> <span class='ocrx_word' id='word_1_160' title='bbox 598 2848 698 2894; x_wconf 90' lang='lat' dir='ltr'>est.</span> <span class='ocrx_word' id='word_1_161' title='bbox 765 2845 852 2896; x_wconf 89' lang='lat' dir='ltr'>Sic</span> <span class='ocrx_word' id='word_1_162' title='bbox 889 2854 1067 2897; x_wconf 82' lang='lat' dir='ltr'>narrat</span> <span class='ocrx_word' id='word_1_163' title='bbox 1098 2848 1427 2911; x_wconf 71' lang='lat' dir='ltr'>Lampridius</span> 
     </span>
     <span class='ocr_line' id='line_1_32' title="bbox 359 2917 1430 2977; baseline 0.009 -12"><span class='ocrx_word' id='word_1_164' title='bbox 359 2917 698 2970; x_wconf 87' lang='lat' dir='ltr'>Commodum</span> <span class='ocrx_word' id='word_1_165' title='bbox 721 2928 777 2972; x_wconf 87' lang='lat' dir='ltr'>et</span> <span class='ocrx_word' id='word_1_166' title='bbox 792 2921 1113 2974; x_wconf 84' lang='lat' dir='ltr'>Antoninum</span> <span class='ocrx_word' id='word_1_167' title='bbox 1132 2926 1306 2976; x_wconf 82' lang='lat' dir='ltr'>Marci</span> <span class='ocrx_word' id='word_1_168' title='bbox 1326 2926 1430 2977; x_wconf 89' lang='lat' dir='ltr'>Im·</span> 
     </span>
     <span class='ocr_line' id='line_1_33' title="bbox 358 2994 1429 3062; baseline 0.008 -20"><span class='ocrx_word' id='word_1_169' title='bbox 358 2994 616 3057; x_wconf 89' lang='lat' dir='ltr'>peratoris</span> <span class='ocrx_word' id='word_1_170' title='bbox 652 2995 789 3046; x_wconf 87' lang='lat' dir='ltr'>filios</span> <span class='ocrx_word' id='word_1_171' title='bbox 825 2998 1054 3062; x_wconf 81' lang='lat' dir='ltr'>geminos</span> <span class='ocrx_word' id='word_1_172' title='bbox 1091 2999 1219 3050; x_wconf 84' lang='lat' dir='ltr'>nihil</span> <span class='ocrx_word' id='word_1_173' title='bbox 1261 3001 1429 3052; x_wconf 87' lang='lat' dir='ltr'>simile</span> 
     </span>
     <span class='ocr_line' id='line_1_34' title="bbox 359 3070 1431 3145; baseline 0.008 -24"><span class='ocrx_word' id='word_1_174' title='bbox 359 3070 414 3121; x_wconf 88' lang='lat' dir='ltr'>in</span> <span class='ocrx_word' id='word_1_175' title='bbox 436 3071 549 3123; x_wconf 76' lang='lat' dir='ltr'>vita</span> <span class='ocrx_word' id='word_1_176' title='bbox 582 3073 844 3140; x_wconf 86' lang='lat' dir='ltr'>habuisse,</span> <span class='ocrx_word' id='word_1_177' title='bbox 865 3078 1053 3142; x_wconf 81' lang='lat' dir='ltr'>quibus</span> <span class='ocrx_word' id='word_1_178' title='bbox 1085 3084 1257 3129; x_wconf 87' lang='lat' dir='ltr'>tamen</span> <span class='ocrx_word' id='word_1_179' title='bbox 1282 3079 1431 3145; x_wconf 82' lang='lat' dir='ltr'>paria</span> 
     </span>
     <span class='ocr_line' id='line_1_35' title="bbox 358 3148 1431 3212; baseline 0.01 -16"><span class='ocrx_word' id='word_1_180' title='bbox 358 3148 534 3198; x_wconf 86' lang='lat' dir='ltr'>omnia</span> <span class='ocrx_word' id='word_1_181' title='bbox 553 3151 894 3212; x_wconf 77' lang='lat' dir='ltr'>promiserant</span> <span class='ocrx_word' id='word_1_182' title='bbox 909 3153 1287 3206; x_wconf 79' lang='lat' dir='ltr'>Mathematici.</span> <span class='ocrx_word' id='word_1_183' title='bbox 1321 3157 1431 3208; x_wconf 88' lang='lat' dir='ltr'>Ho-</span> 
     </span>
     <span class='ocr_line' id='line_1_36' title="bbox 361 3226 1429 3298; baseline 0.009 -24"><span class='ocrx_word' id='word_1_184' title='bbox 361 3230 459 3288; x_wconf 75' lang='lat' dir='ltr'>rat.</span> <span class='ocrx_word' id='word_1_185' title='bbox 484 3226 595 3276; x_wconf 89' lang='lat' dir='ltr'>Sat.</span> <span class='ocrx_word' id='word_1_186' title='bbox 617 3241 681 3277; x_wconf 85' lang='lat' dir='ltr'>n.</span> <span class='ocrx_word' id='word_1_187' title='bbox 705 3232 754 3277; x_wconf 93' lang='lat'>1.</span> <span class='ocrx_word' id='word_1_188' title='bbox 787 3229 803 3256; x_wconf 88' lang='lat'>‘</span> <span class='ocrx_word' id='word_1_189' title='bbox 823 3228 1010 3279; x_wconf 85' lang='lat' dir='ltr'>Castor</span> <span class='ocrx_word' id='word_1_190' title='bbox 1038 3231 1231 3295; x_wconf 81' lang='lat' dir='ltr'>gaudet</span> <span class='ocrx_word' id='word_1_191' title='bbox 1260 3233 1429 3298; x_wconf 89' lang='lat' dir='ltr'>equis,</span> 
     </span>
     <span class='ocr_line' id='line_1_37' title="bbox 359 3305 1427 3372; baseline 0.01 -22"><span class='ocrx_word' id='word_1_192' title='bbox 359 3316 460 3352; x_wconf 77' lang='lat' dir='ltr'>ovo</span> <span class='ocrx_word' id='word_1_193' title='bbox 482 3309 765 3368; x_wconf 80' lang='lat' dir='ltr'>prognatus</span> <span class='ocrx_word' id='word_1_194' title='bbox 788 3305 971 3356; x_wconf 88' lang='lat' dir='ltr'>eodem</span> <span class='ocrx_word' id='word_1_195' title='bbox 989 3306 1226 3372; x_wconf 58' lang='lat' dir='ltr'>Pugnis?</span> <span class='ocrx_word' id='word_1_196' title='bbox 1291 3310 1427 3361; x_wconf 80' lang='lat' dir='ltr'>Vide</span> 
     </span>
     <span class='ocr_line' id='line_1_38' title="bbox 363 3377 1428 3445; baseline 0.009 -17"><span class='ocrx_word' id='word_1_197' title='bbox 363 3377 428 3431; x_wconf 89' lang='lat' dir='ltr'>A.</span> <span class='ocrx_word' id='word_1_198' title='bbox 449 3379 698 3445; x_wconf 87' lang='lat' dir='ltr'>Gellium,</span> <span class='ocrx_word' id='word_1_199' title='bbox 735 3394 853 3433; x_wconf 76' lang='lat' dir='ltr'>xxv.</span> <span class='ocrx_word' id='word_1_200' title='bbox 874 3387 923 3433; x_wconf 92' lang='lat'>1.</span> <span class='ocrx_word' id='word_1_201' title='bbox 963 3384 1055 3433; x_wconf 89' lang='lat' dir='ltr'>ubi</span> <span class='ocrx_word' id='word_1_202' title='bbox 1093 3384 1428 3438; x_wconf 78' lang='lat' dir='ltr'>Genethliaci</span> 
     </span>
     <span class='ocr_line' id='line_1_39' title="bbox 359 3457 975 3523; baseline 0.008 -17"><span class='ocrx_word' id='word_1_203' title='bbox 359 3457 572 3523; x_wconf 68' lang='lat' dir='ltr'>egregie</span> <span class='ocrx_word' id='word_1_204' title='bbox 588 3458 975 3523; x_wconf 82' lang='lat' dir='ltr'>impugnantur.</span> 
     </span>
    </p>

    <p class='ocr_par' dir='ltr' id='par_1_16' title="bbox 361 3534 1431 4060">
     <span class='ocr_line' id='line_1_40' title="bbox 362 3534 1429 3604; baseline 0.007 -21"><span class='ocrx_word' id='word_1_205' title='bbox 362 3540 371 3550; x_wconf 90' lang='grc'><em>“</em></span> <span class='ocrx_word' id='word_1_206' title='bbox 429 3538 495 3587; x_wconf 81' lang='grc'>19</span> <span class='ocrx_word' id='word_1_207' title='bbox 516 3534 653 3596; x_wconf 61' lang='grc' dir='ltr'><em>,δοιὰ</em></span> <span class='ocrx_word' id='word_1_208' title='bbox 672 3536 909 3587; x_wconf 71' lang='lat' dir='ltr'>natalibus</span> <span class='ocrx_word' id='word_1_209' title='bbox 927 3544 1002 3588; x_wconf 76' lang='lat' dir='ltr'>est</span> <span class='ocrx_word' id='word_1_210' title='bbox 1020 3538 1118 3603; x_wconf 74' lang='lat' dir='ltr'>qui,</span> <span class='ocrx_word' id='word_1_211' title='bbox 1145 3538 1255 3604; x_wconf 55' lang='lat' dir='ltr'>mn]</span> <span class='ocrx_word' id='word_1_212' title='bbox 1318 3541 1429 3592; x_wconf 88' lang='lat' dir='ltr'>Ho-</span> 
     </span>
     <span class='ocr_line' id='line_1_41' title="bbox 361 3613 1429 3683; baseline 0.008 -21"><span class='ocrx_word' id='word_1_213' title='bbox 361 3625 475 3664; x_wconf 84' lang='lat' dir='ltr'>rum</span> <span class='ocrx_word' id='word_1_214' title='bbox 499 3613 815 3679; x_wconf 72' lang='lat' dir='ltr'>geminorum</span> <span class='ocrx_word' id='word_1_215' title='bbox 848 3614 1068 3667; x_wconf 78' lang='lat' dir='ltr'>fratrum</span> <span class='ocrx_word' id='word_1_216' title='bbox 1089 3618 1222 3668; x_wconf 88' lang='lat' dir='ltr'>alter</span> <span class='ocrx_word' id='word_1_217' title='bbox 1242 3633 1429 3683; x_wconf 82' lang='lat' dir='ltr'>parcus</span> 
     </span>
     <span class='ocr_line' id='line_1_42' title="bbox 363 3688 1431 3759; baseline 0.007 -21"><span class='ocrx_word' id='word_1_218' title='bbox 363 3696 421 3740; x_wconf 89' lang='lat' dir='ltr'>et</span> <span class='ocrx_word' id='word_1_219' title='bbox 461 3688 617 3740; x_wconf 65' lang='lat' dir='ltr'>tenax</span> <span class='ocrx_word' id='word_1_220' title='bbox 650 3691 771 3753; x_wconf 89' lang='lat' dir='ltr'>erit,</span> <span class='ocrx_word' id='word_1_221' title='bbox 802 3697 859 3742; x_wconf 88' lang='lat' dir='ltr'>et</span> <span class='ocrx_word' id='word_1_222' title='bbox 896 3691 951 3742; x_wconf 89' lang='lat' dir='ltr'>in</span> <span class='ocrx_word' id='word_1_223' title='bbox 990 3708 1083 3744; x_wconf 89' lang='lat' dir='ltr'>sua</span> <span class='ocrx_word' id='word_1_224' title='bbox 1119 3695 1431 3759; x_wconf 81' lang='lat' dir='ltr'>parsimonia</span> 
     </span>
     <span class='ocr_line' id='line_1_43' title="bbox 364 3765 1430 3838; baseline 0.01 -25"><span class='ocrx_word' id='word_1_225' title='bbox 364 3765 527 3816; x_wconf 85' lang='lat' dir='ltr'>solers</span> <span class='ocrx_word' id='word_1_226' title='bbox 565 3774 619 3817; x_wconf 87' lang='lat' dir='ltr'>et</span> <span class='ocrx_word' id='word_1_227' title='bbox 659 3766 829 3818; x_wconf 80' lang='lat' dir='ltr'>vafer:</span> <span class='ocrx_word' id='word_1_228' title='bbox 878 3775 935 3820; x_wconf 90' lang='lat' dir='ltr'>et</span> <span class='ocrx_word' id='word_1_229' title='bbox 971 3771 1057 3820; x_wconf 83' lang='lat' dir='ltr'>vix</span> <span class='ocrx_word' id='word_1_230' title='bbox 1095 3772 1291 3838; x_wconf 89' lang='lat' dir='ltr'>aliquid</span> <span class='ocrx_word' id='word_1_231' title='bbox 1328 3773 1430 3824; x_wconf 88' lang='lat' dir='ltr'>sibi</span> 
     </span>
     <span class='ocr_line' id='line_1_44' title="bbox 361 3841 1428 3917; baseline 0.011 -27"><span class='ocrx_word' id='word_1_232' title='bbox 361 3841 655 3906; x_wconf 78' lang='lat' dir='ltr'>indulgebit</span> <span class='ocrx_word' id='word_1_233' title='bbox 694 3844 749 3893; x_wconf 90' lang='lat' dir='ltr'>in</span> <span class='ocrx_word' id='word_1_234' title='bbox 788 3842 936 3896; x_wconf 80' lang='lat' dir='ltr'>festis</span> <span class='ocrx_word' id='word_1_235' title='bbox 990 3846 1266 3913; x_wconf 82' lang='lat' dir='ltr'>duntaxat,</span> <span class='ocrx_word' id='word_1_236' title='bbox 1304 3864 1356 3900; x_wconf 81' lang='lat' dir='ltr'>v.</span> <span class='ocrx_word' id='word_1_237' title='bbox 1380 3866 1428 3917; x_wconf 73' lang='lat' dir='ltr'>g.</span> 
     </span>
     <span class='ocr_line' id='line_1_45' title="bbox 361 3918 1430 3986; baseline 0.009 -20"><span class='ocrx_word' id='word_1_238' title='bbox 361 3918 642 3982; x_wconf 80' lang='lat' dir='ltr'>natalibus,</span> <span class='ocrx_word' id='word_1_239' title='bbox 686 3920 873 3985; x_wconf 86' lang='lat' dir='ltr'>quibus</span> <span class='ocrx_word' id='word_1_240' title='bbox 927 3923 1080 3986; x_wconf 77' lang='lat' dir='ltr'>genio</span> <span class='ocrx_word' id='word_1_241' title='bbox 1131 3924 1276 3974; x_wconf 89' lang='lat' dir='ltr'>litari</span> <span class='ocrx_word' id='word_1_242' title='bbox 1318 3940 1430 3976; x_wconf 86' lang='lat' dir='ltr'>mos</span> 
     </span>
     <span class='ocr_line' id='line_1_46' title="bbox 365 3996 1158 4060; baseline 0.008 -17"><span class='ocrx_word' id='word_1_243' title='bbox 365 4000 497 4055; x_wconf 78' lang='lat' dir='ltr'>erat,</span> <span class='ocrx_word' id='word_1_244' title='bbox 517 4001 574 4046; x_wconf 90' lang='lat' dir='ltr'>et</span> <span class='ocrx_word' id='word_1_245' title='bbox 595 3996 761 4059; x_wconf 88' lang='lat' dir='ltr'>epulis</span> <span class='ocrx_word' id='word_1_246' title='bbox 781 4011 994 4060; x_wconf 86' lang='lat' dir='ltr'>operam</span> <span class='ocrx_word' id='word_1_247' title='bbox 1016 3998 1158 4049; x_wconf 82' lang='lat' dir='ltr'>dare.</span> 
     </span>
    </p>

    <p class='ocr_par' dir='ltr' id='par_1_17' title="bbox 366 4071 1432 4213">
     <span class='ocr_line' id='line_1_47' title="bbox 366 4071 1432 4141; baseline 0.008 -20"><span class='ocrx_word' id='word_1_248' title='bbox 366 4075 373 4080; x_wconf 83' lang='lat'><strong>&#39;</strong></span> <span class='ocrx_word' id='word_1_249' title='bbox 410 4071 712 4137; x_wconf 60' lang='lat' dir='ltr'>Natam]</span> <span class='ocrx_word' id='word_1_250' title='bbox 772 4073 874 4123; x_wconf 87' lang='lat' dir='ltr'>Vel</span> <span class='ocrx_word' id='word_1_251' title='bbox 897 4073 1057 4137; x_wconf 86' lang='lat' dir='ltr'>urbis,</span> <span class='ocrx_word' id='word_1_252' title='bbox 1089 4076 1172 4124; x_wconf 82' lang='lat' dir='ltr'>vel</span> <span class='ocrx_word' id='word_1_253' title='bbox 1197 4075 1432 4141; x_wconf 81' lang='lat' dir='ltr'>Impera·</span> 
     </span>
     <span class='ocr_line' id='line_1_48' title="bbox 371 4148 1318 4213; baseline 0.005 -15"><span class='ocrx_word' id='word_1_254' title='bbox 371 4151 559 4211; x_wconf 74' lang='lat' dir='ltr'>torum,</span> <span class='ocrx_word' id='word_1_255' title='bbox 580 4148 647 4198; x_wconf 88' lang='lat' dir='ltr'>de</span> <span class='ocrx_word' id='word_1_256' title='bbox 667 4148 854 4213; x_wconf 85' lang='lat' dir='ltr'>quibus</span> <span class='ocrx_word' id='word_1_257' title='bbox 873 4148 1030 4200; x_wconf 85' lang='lat' dir='ltr'>Ovid.</span> <span class='ocrx_word' id='word_1_258' title='bbox 1054 4150 1106 4200; x_wconf 89' lang='lat' dir='ltr'>in</span> <span class='ocrx_word' id='word_1_259' title='bbox 1132 4152 1318 4203; x_wconf 79' lang='lat' dir='ltr'>Fastis.</span> 
     </span>
    </p>

    <p class='ocr_par' dir='ltr' id='par_1_18' title="bbox 371 4219 1434 4376">
     <span class='ocr_line' id='line_1_49' title="bbox 431 4219 1432 4292; baseline 0.007 -19"><span class='ocrx_word' id='word_1_260' title='bbox 431 4228 498 4274; x_wconf 72' lang='lat'>²0</span> <span class='ocrx_word' id='word_1_261' title='bbox 537 4219 841 4287; x_wconf 62' lang='lat' dir='ltr'>‘I&#39;iagoet&#39;olu</span> <span class='ocrx_word' id='word_1_262' title='bbox 855 4224 1031 4275; x_wconf 69' lang='grc' dir='ltr'>εἰοοκικ</span> <span class='ocrx_word' id='word_1_263' title='bbox 1051 4228 1229 4292; x_wconf 66' lang='lat' dir='ltr'>muria]</span> <span class='ocrx_word' id='word_1_264' title='bbox 1281 4230 1432 4280; x_wconf 78' lang='lat' dir='ltr'>Levi·</span> 
     </span>
     <span class='ocr_line' id='line_1_50' title="bbox 371 4300 1434 4376; baseline 0.003 -20"><span class='ocrx_word' id='word_1_265' title='bbox 371 4308 452 4356; x_wconf 81' lang='lat' dir='ltr'>ter</span> <span class='ocrx_word' id='word_1_266' title='bbox 492 4300 691 4354; x_wconf 81' lang='lat' dir='ltr'>imbuat</span> <span class='ocrx_word' id='word_1_267' title='bbox 732 4302 876 4355; x_wconf 83' lang='lat' dir='ltr'>olera</span> <span class='ocrx_word' id='word_1_268' title='bbox 916 4309 975 4355; x_wconf 85' lang='lat' dir='ltr'>et</span> <span class='ocrx_word' id='word_1_269' title='bbox 1027 4303 1214 4357; x_wconf 81' lang='lat' dir='ltr'>herbas</span> <span class='ocrx_word' id='word_1_270' title='bbox 1257 4305 1434 4376; x_wconf 69' lang='lat' dir='ltr'>ulique</span> 
     </span>
    </p>
   </div>
   <div class='ocr_carea' id='block_1_14' title="bbox 1504 1767 2583 3449">
    <p class='ocr_par' dir='ltr' id='par_1_19' title="bbox 1505 1767 1856 1817">
     <span class='ocr_line' id='line_1_51' title="bbox 1505 1767 1856 1817; baseline -0.006 0"><span class='ocrx_word' id='word_1_271' title='bbox 1505 1767 1856 1817; x_wconf 89' lang='lat' dir='ltr'>condimento.</span> 
     </span>
    </p>

    <p class='ocr_par' dir='ltr' id='par_1_20' title="bbox 1504 1836 2582 2682">
     <span class='ocr_line' id='line_1_52' title="bbox 1572 1836 2576 1905; baseline -0.008 -11"><span class='ocrx_word' id='word_1_272' title='bbox 1572 1845 1741 1894; x_wconf 74' lang='lat' dir='ltr'>Maria</span> <span class='ocrx_word' id='word_1_273' title='bbox 1759 1840 1909 1905; x_wconf 69' lang='lat' dir='ltr'>cnuto]</span> <span class='ocrx_word' id='word_1_274' title='bbox 1940 1840 2266 1890; x_wconf 85' lang='lat' dir='ltr'>Salsamento</span> <span class='ocrx_word' id='word_1_275' title='bbox 2286 1836 2424 1902; x_wconf 84' lang='lat' dir='ltr'>quod</span> <span class='ocrx_word' id='word_1_276' title='bbox 2449 1841 2576 1886; x_wconf 80' lang='lat' dir='ltr'>tuno</span> 
     </span>
     <span class='ocr_line' id='line_1_53' title="bbox 1506 1912 2578 1983; baseline -0.011 -11"><span class='ocrx_word' id='word_1_277' title='bbox 1506 1921 1654 1983; x_wconf 88' lang='lat' dir='ltr'>emit,</span> <span class='ocrx_word' id='word_1_278' title='bbox 1666 1935 1786 1983; x_wconf 84' lang='lat' dir='ltr'>nec,</span> <span class='ocrx_word' id='word_1_279' title='bbox 1802 1926 1861 1970; x_wconf 92' lang='lat' dir='ltr'>ut</span> <span class='ocrx_word' id='word_1_280' title='bbox 1882 1918 2161 1979; x_wconf 86' lang='lat' dir='ltr'>alii,habet</span> <span class='ocrx_word' id='word_1_281' title='bbox 2179 1916 2230 1964; x_wconf 92' lang='lat' dir='ltr'>in</span> <span class='ocrx_word' id='word_1_282' title='bbox 2250 1929 2417 1979; x_wconf 87' lang='lat' dir='ltr'>penu:</span> <span class='ocrx_word' id='word_1_283' title='bbox 2453 1912 2578 1978; x_wconf 71' lang='lat' dir='ltr'>quit</span> 
     </span>
     <span class='ocr_line' id='line_1_54' title="bbox 1506 1988 2575 2059; baseline -0.01 -11"><span class='ocrx_word' id='word_1_284' title='bbox 1506 1998 1718 2048; x_wconf 84' lang='lat' dir='ltr'>delicias</span> <span class='ocrx_word' id='word_1_285' title='bbox 1738 1998 1852 2047; x_wconf 85' lang='lat' dir='ltr'>illas</span> <span class='ocrx_word' id='word_1_286' title='bbox 1870 2002 1927 2046; x_wconf 86' lang='lat' dir='ltr'>et</span> <span class='ocrx_word' id='word_1_287' title='bbox 1946 1994 2194 2059; x_wconf 71' lang='lat' dir='ltr'>cupedia·</span> <span class='ocrx_word' id='word_1_288' title='bbox 2211 2004 2327 2042; x_wconf 82' lang='lat' dir='ltr'>raro</span> <span class='ocrx_word' id='word_1_289' title='bbox 2348 1988 2575 2040; x_wconf 86' lang='lat' dir='ltr'>adhibet.</span> 
     </span>
     <span class='ocr_line' id='line_1_55' title="bbox 1506 2067 2577 2136; baseline -0.011 -10"><span class='ocrx_word' id='word_1_290' title='bbox 1506 2075 1696 2126; x_wconf 86' lang='lat' dir='ltr'>Fiebat</span> <span class='ocrx_word' id='word_1_291' title='bbox 1734 2076 1901 2125; x_wconf 86' lang='lat' dir='ltr'>muria</span> <span class='ocrx_word' id='word_1_292' title='bbox 1934 2088 1964 2123; x_wconf 88' lang='lat' dir='ltr'>e</span> <span class='ocrx_word' id='word_1_293' title='bbox 1999 2072 2310 2136; x_wconf 85' lang='lat' dir='ltr'>thynnorum</span> <span class='ocrx_word' id='word_1_294' title='bbox 2343 2067 2484 2128; x_wconf 81' lang='lat' dir='ltr'>tabe,</span> <span class='ocrx_word' id='word_1_295' title='bbox 2521 2070 2577 2115; x_wconf 88' lang='lat' dir='ltr'>et</span> 
     </span>
     <span class='ocr_line' id='line_1_56' title="bbox 1505 2142 2582 2216; baseline -0.011 -15"><span class='ocrx_word' id='word_1_296' title='bbox 1505 2166 1796 2216; x_wconf 82' lang='lat' dir='ltr'>pauperum</span> <span class='ocrx_word' id='word_1_297' title='bbox 1840 2154 1956 2199; x_wconf 91' lang='lat' dir='ltr'>erat</span> <span class='ocrx_word' id='word_1_298' title='bbox 2003 2154 2061 2197; x_wconf 91' lang='lat' dir='ltr'>et</span> <span class='ocrx_word' id='word_1_299' title='bbox 2104 2158 2378 2196; x_wconf 79' lang='lat' dir='ltr'>avarorum</span> <span class='ocrx_word' id='word_1_300' title='bbox 2445 2142 2582 2191; x_wconf 74' lang='lat' dir='ltr'>dun-¹</span> 
     </span>
     <span class='ocr_line' id='line_1_57' title="bbox 1507 2217 2579 2292; baseline -0.013 -11"><span class='ocrx_word' id='word_1_301' title='bbox 1507 2236 1672 2280; x_wconf 76' lang='lat' dir='ltr'>taxat.</span> <span class='ocrx_word' id='word_1_302' title='bbox 1713 2228 1815 2284; x_wconf 67' lang='lat' dir='ltr'>‚At</span> <span class='ocrx_word' id='word_1_303' title='bbox 1850 2240 2030 2292; x_wconf 78' lang='lat' dir='ltr'>garum</span> <span class='ocrx_word' id='word_1_304' title='bbox 2063 2238 2094 2274; x_wconf 90' lang='lat' dir='ltr'>e</span> <span class='ocrx_word' id='word_1_305' title='bbox 2124 2221 2367 2272; x_wconf 85' lang='lat' dir='ltr'>scombro</span> <span class='ocrx_word' id='word_1_306' title='bbox 2389 2217 2579 2268; x_wconf 80' lang='lat' dir='ltr'>delica-</span> 
     </span>
     <span class='ocr_line' id='line_1_58' title="bbox 1508 2297 2575 2359; baseline -0.011 0"><span class='ocrx_word' id='word_1_307' title='bbox 1508 2315 1680 2359; x_wconf 90' lang='lat' dir='ltr'>torum</span> <span class='ocrx_word' id='word_1_308' title='bbox 1714 2314 1827 2358; x_wconf 90' lang='lat' dir='ltr'>erat</span> <span class='ocrx_word' id='word_1_309' title='bbox 1862 2321 1923 2355; x_wconf 87' lang='lat' dir='ltr'>ac</span> <span class='ocrx_word' id='word_1_310' title='bbox 1954 2305 2192 2355; x_wconf 79' lang='lat' dir='ltr'>divitum.</span> <span class='ocrx_word' id='word_1_311' title='bbox 2258 2299 2395 2350; x_wconf 84' lang='lat' dir='ltr'>Vide</span> <span class='ocrx_word' id='word_1_312' title='bbox 2436 2297 2575 2347; x_wconf 91' lang='lat' dir='ltr'>Plin.</span> 
     </span>
     <span class='ocr_line' id='line_1_59' title="bbox 1507 2378 2577 2444; baseline -0.009 -9"><span class='ocrx_word' id='word_1_313' title='bbox 1507 2397 1672 2437; x_wconf 78' lang='lat' dir='ltr'>xxxr.</span> <span class='ocrx_word' id='word_1_314' title='bbox 1695 2388 1743 2435; x_wconf 83' lang='lat'>8.</span> <span class='ocrx_word' id='word_1_315' title='bbox 1793 2383 1929 2434; x_wconf 89' lang='lat' dir='ltr'>Hinc</span> <span class='ocrx_word' id='word_1_316' title='bbox 1950 2383 2113 2432; x_wconf 86' lang='lat' dir='ltr'>Mart.</span> <span class='ocrx_word' id='word_1_317' title='bbox 2134 2378 2288 2444; x_wconf 81' lang='lat' dir='ltr'>Epig.</span> <span class='ocrx_word' id='word_1_318' title='bbox 2307 2390 2434 2427; x_wconf 78' lang='lat' dir='ltr'>xut.</span> <span class='ocrx_word' id='word_1_319' title='bbox 2459 2378 2577 2425; x_wconf 77' lang='grc'><strong>103.</strong></span> 
     </span>
     <span class='ocr_line' id='line_1_60' title="bbox 1508 2454 2577 2525; baseline -0.008 -14"><span class='ocrx_word' id='word_1_320' title='bbox 1508 2462 1576 2512; x_wconf 90' lang='lat' dir='ltr'>de</span> <span class='ocrx_word' id='word_1_321' title='bbox 1615 2461 1823 2512; x_wconf 75' lang='lat' dir='ltr'>Muris:</span> <span class='ocrx_word' id='word_1_322' title='bbox 1858 2456 2240 2525; x_wconf 85' lang='lat' dir='ltr'>‘Antipolitani</span> <span class='ocrx_word' id='word_1_323' title='bbox 2260 2454 2426 2505; x_wconf 87' lang='lat' dir='ltr'>fateor</span> <span class='ocrx_word' id='word_1_324' title='bbox 2460 2466 2577 2503; x_wconf 85' lang='lat' dir='ltr'>sum</span> 
     </span>
     <span class='ocr_line' id='line_1_61' title="bbox 1504 2531 2576 2604; baseline -0.007 -17"><span class='ocrx_word' id='word_1_325' title='bbox 1504 2537 1610 2588; x_wconf 85' lang='lat' dir='ltr'>filis</span> <span class='ocrx_word' id='word_1_326' title='bbox 1651 2537 1857 2604; x_wconf 81' lang='lat' dir='ltr'>thynni:</span> <span class='ocrx_word' id='word_1_327' title='bbox 1893 2538 2075 2587; x_wconf 83' lang='lat' dir='ltr'>Essem</span> <span class='ocrx_word' id='word_1_328' title='bbox 2114 2534 2158 2585; x_wconf 88' lang='lat' dir='ltr'>si</span> <span class='ocrx_word' id='word_1_329' title='bbox 2193 2531 2433 2592; x_wconf 85' lang='lat' dir='ltr'>scombri,</span> <span class='ocrx_word' id='word_1_330' title='bbox 2470 2544 2576 2580; x_wconf 90' lang='lat' dir='ltr'>non</span> 
     </span>
     <span class='ocr_line' id='line_1_62' title="bbox 1507 2612 2142 2682; baseline -0.002 -19"><span class='ocrx_word' id='word_1_331' title='bbox 1507 2614 1607 2664; x_wconf 89' lang='lat' dir='ltr'>tibi</span> <span class='ocrx_word' id='word_1_332' title='bbox 1627 2615 1786 2665; x_wconf 90' lang='lat' dir='ltr'>missa</span> <span class='ocrx_word' id='word_1_333' title='bbox 1805 2612 2007 2664; x_wconf 65' lang='lat' dir='ltr'>forem?</span> <span class='ocrx_word' id='word_1_334' title='bbox 2139 2677 2142 2682; x_wconf 32' lang='grc' dir='ltr'>Ι</span> 
     </span>
    </p>

    <p class='ocr_par' dir='ltr' id='par_1_21' title="bbox 1506 2683 2580 3125">
     <span class='ocr_line' id='line_1_63' title="bbox 1580 2683 2578 2755; baseline -0.01 -12"><span class='ocrx_word' id='word_1_335' title='bbox 1580 2692 1730 2754; x_wconf 69' lang='grc' dir='ltr'><em>ῩᾳῙα·</em></span> <span class='ocrx_word' id='word_1_336' title='bbox 1751 2692 1805 2743; x_wconf 76' lang='lat' dir='ltr'>in</span> <span class='ocrx_word' id='word_1_337' title='bbox 1823 2691 1991 2755; x_wconf 75' lang='lat' dir='ltr'>calice]</span> <span class='ocrx_word' id='word_1_338' title='bbox 2066 2690 2245 2740; x_wconf 84' lang='lat' dir='ltr'>Etiam</span> <span class='ocrx_word' id='word_1_339' title='bbox 2268 2686 2485 2740; x_wconf 82' lang='lat' dir='ltr'>callidus</span> <span class='ocrx_word' id='word_1_340' title='bbox 2508 2683 2578 2734; x_wconf 83' lang='lat' dir='ltr'>ad</span> 
     </span>
     <span class='ocr_line' id='line_1_64' title="bbox 1507 2763 2576 2833; baseline -0.008 -15"><span class='ocrx_word' id='word_1_341' title='bbox 1507 2769 1715 2833; x_wconf 80' lang='lat' dir='ltr'>genium</span> <span class='ocrx_word' id='word_1_342' title='bbox 1754 2774 1880 2818; x_wconf 88' lang='lat' dir='ltr'>tunc</span> <span class='ocrx_word' id='word_1_343' title='bbox 1917 2765 2350 2828; x_wconf 88' lang='lat' dir='ltr'>defraudandum,</span> <span class='ocrx_word' id='word_1_344' title='bbox 2380 2763 2576 2829; x_wconf 83' lang='lat' dir='ltr'>quippe</span> 
     </span>
     <span class='ocr_line' id='line_1_65' title="bbox 1506 2837 2579 2894; baseline -0.008 0"><span class='ocrx_word' id='word_1_345' title='bbox 1506 2858 1609 2894; x_wconf 92' lang='lat' dir='ltr'>non</span> <span class='ocrx_word' id='word_1_346' title='bbox 1643 2845 1743 2894; x_wconf 87' lang='lat' dir='ltr'>nisi</span> <span class='ocrx_word' id='word_1_347' title='bbox 1782 2845 1837 2894; x_wconf 90' lang='lat' dir='ltr'>in</span> <span class='ocrx_word' id='word_1_348' title='bbox 1877 2845 2089 2894; x_wconf 83' lang='lat' dir='ltr'>vasculo</span> <span class='ocrx_word' id='word_1_349' title='bbox 2127 2842 2346 2891; x_wconf 86' lang='lat' dir='ltr'>muriam</span> <span class='ocrx_word' id='word_1_350' title='bbox 2384 2837 2579 2889; x_wconf 80' lang='lat' dir='ltr'>coe&#39;mit</span> 
     </span>
     <span class='ocr_line' id='line_1_66' title="bbox 1510 2918 2580 2988; baseline -0.007 -16"><span class='ocrx_word' id='word_1_351' title='bbox 1510 2929 1567 2973; x_wconf 90' lang='lat' dir='ltr'>et</span> <span class='ocrx_word' id='word_1_352' title='bbox 1589 2930 1875 2988; x_wconf 85' lang='lat' dir='ltr'>comparat,</span> <span class='ocrx_word' id='word_1_353' title='bbox 1910 2922 2049 2973; x_wconf 86' lang='lat' dir='ltr'>unde</span> <span class='ocrx_word' id='word_1_354' title='bbox 2086 2928 2142 2971; x_wconf 91' lang='lat' dir='ltr'>et</span> <span class='ocrx_word' id='word_1_355' title='bbox 2179 2920 2403 2971; x_wconf 87' lang='lat' dir='ltr'>intincta</span> <span class='ocrx_word' id='word_1_356' title='bbox 2432 2918 2580 2967; x_wconf 91' lang='lat' dir='ltr'>olera</span> 
     </span>
     <span class='ocr_line' id='line_1_67' title="bbox 1511 2991 2578 3062; baseline -0.007 -13"><span class='ocrx_word' id='word_1_357' title='bbox 1511 3000 1653 3050; x_wconf 85' lang='lat' dir='ltr'>sicca</span> <span class='ocrx_word' id='word_1_358' title='bbox 1707 3007 1977 3049; x_wconf 84' lang='lat' dir='ltr'>remanent</span> <span class='ocrx_word' id='word_1_359' title='bbox 2032 3000 2217 3049; x_wconf 82' lang='lat' dir='ltr'>saltem</span> <span class='ocrx_word' id='word_1_360' title='bbox 2273 3002 2428 3062; x_wconf 87' lang='lat' dir='ltr'>parte</span> <span class='ocrx_word' id='word_1_361' title='bbox 2497 2991 2578 3043; x_wconf 85' lang='lat' dir='ltr'>sui</span> 
     </span>
     <span class='ocr_line' id='line_1_68' title="bbox 1509 3076 1749 3125; baseline 0 0"><span class='ocrx_word' id='word_1_362' title='bbox 1509 3076 1749 3125; x_wconf 81' lang='lat' dir='ltr'>maxima.</span> 
     </span>
    </p>

    <p class='ocr_par' dir='ltr' id='par_1_22' title="bbox 1508 3145 2583 3449">
     <span class='ocr_line' id='line_1_69' title="bbox 1576 3145 2580 3215; baseline -0.007 -13"><span class='ocrx_word' id='word_1_363' title='bbox 1576 3155 1639 3202; x_wconf 75' lang='lat'>21</span> <span class='ocrx_word' id='word_1_364' title='bbox 1678 3151 1991 3215; x_wconf 69' lang='lat' dir='ltr'>Ipsum-um</span> <span class='ocrx_word' id='word_1_365' title='bbox 2010 3150 2240 3211; x_wconf 56' lang='lat' dir='ltr'>murum,</span> <span class='ocrx_word' id='word_1_366' title='bbox 2261 3147 2370 3213; x_wconf 59' lang='grc' dir='ltr'>ξω]</span> <span class='ocrx_word' id='word_1_367' title='bbox 2434 3145 2580 3197; x_wconf 86' lang='lat' dir='ltr'>Cibis</span> 
     </span>
     <span class='ocr_line' id='line_1_70' title="bbox 1509 3221 2581 3295; baseline -0.005 -16"><span class='ocrx_word' id='word_1_368' title='bbox 1509 3242 1795 3295; x_wconf 73' lang='lat' dir='ltr'>aspergens</span> <span class='ocrx_word' id='word_1_369' title='bbox 1817 3228 2076 3279; x_wconf 87' lang='lat' dir='ltr'>modicum</span> <span class='ocrx_word' id='word_1_370' title='bbox 2101 3228 2268 3293; x_wconf 88' lang='lat' dir='ltr'>piper,</span> <span class='ocrx_word' id='word_1_371' title='bbox 2298 3226 2384 3276; x_wconf 87' lang='lat' dir='ltr'>cui</span> <span class='ocrx_word' id='word_1_372' title='bbox 2406 3221 2581 3289; x_wconf 84' lang='lat' dir='ltr'>parcit</span> 
     </span>
     <span class='ocr_line' id='line_1_71' title="bbox 1508 3305 2577 3369; baseline -0.005 -11"><span class='ocrx_word' id='word_1_373' title='bbox 1508 3306 1671 3358; x_wconf 87' lang='lat' dir='ltr'>etiam</span> <span class='ocrx_word' id='word_1_374' title='bbox 1719 3307 1865 3357; x_wconf 83' lang='lat' dir='ltr'>velut</span> <span class='ocrx_word' id='word_1_375' title='bbox 1898 3307 1975 3356; x_wconf 89' lang='lat' dir='ltr'>rei</span> <span class='ocrx_word' id='word_1_376' title='bbox 2017 3321 2200 3357; x_wconf 78' lang='lat' dir='ltr'>sacrae.</span> <span class='ocrx_word' id='word_1_377' title='bbox 2289 3305 2414 3369; x_wconf 83' lang='lat' dir='ltr'>Ipse</span> <span class='ocrx_word' id='word_1_378' title='bbox 2449 3316 2577 3354; x_wconf 81' lang='lat' dir='ltr'>vero</span> 
     </span>
     <span class='ocr_line' id='line_1_72' title="bbox 1509 3379 2583 3449; baseline -0.005 -16"><span class='ocrx_word' id='word_1_379' title='bbox 1509 3382 1762 3449; x_wconf 79' lang='lat' dir='ltr'>aspergit,</span> <span class='ocrx_word' id='word_1_380' title='bbox 1797 3397 1864 3434; x_wconf 91' lang='lat' dir='ltr'>ne</span> <span class='ocrx_word' id='word_1_381' title='bbox 1904 3397 2083 3434; x_wconf 84' lang='lat' dir='ltr'>servus</span> <span class='ocrx_word' id='word_1_382' title='bbox 2104 3388 2196 3433; x_wconf 92' lang='lat' dir='ltr'>aut</span> <span class='ocrx_word' id='word_1_383' title='bbox 2226 3394 2421 3447; x_wconf 88' lang='lat' dir='ltr'>coquus</span> <span class='ocrx_word' id='word_1_384' title='bbox 2443 3379 2583 3444; x_wconf 79' lang='lat' dir='ltr'>plus·</span> 
     </span>
    </p>
   </div>
   <div class='ocr_carea' id='block_1_15' title="bbox 1509 3460 2668 3527">
    <p class='ocr_par' dir='ltr' id='par_1_23' title="bbox 1509 3460 2668 3527">
     <span class='ocr_line' id='line_1_73' title="bbox 1509 3460 2668 3527; baseline -0.002 -18"><span class='ocrx_word' id='word_1_385' title='bbox 1509 3461 1684 3510; x_wconf 88' lang='lat' dir='ltr'>culum</span> <span class='ocrx_word' id='word_1_386' title='bbox 1726 3461 2012 3527; x_wconf 88' lang='lat' dir='ltr'>impendat.</span> <span class='ocrx_word' id='word_1_387' title='bbox 2098 3460 2231 3511; x_wconf 88' lang='lat' dir='ltr'>Hor.</span> <span class='ocrx_word' id='word_1_388' title='bbox 2285 3460 2392 3509; x_wconf 86' lang='lat' dir='ltr'>Sat.</span> <span class='ocrx_word' id='word_1_389' title='bbox 2436 3472 2478 3508; x_wconf 88' lang='lat'>1.</span> <span class='ocrx_word' id='word_1_390' title='bbox 2529 3461 2579 3507; x_wconf 89' lang='lat'>1.</span> <span class='ocrx_word' id='word_1_391' title='bbox 2665 3493 2668 3496; x_wconf 50' lang='lat'><em>2</em></span> 
     </span>
    </p>
   </div>
   <div class='ocr_carea' id='block_1_16' title="bbox 1506 3532 2594 4371">
    <p class='ocr_par' dir='ltr' id='par_1_24' title="bbox 1506 3532 2581 3984">
     <span class='ocr_line' id='line_1_74' title="bbox 1506 3532 2577 3604; baseline -0.004 -18"><span class='ocrx_word' id='word_1_392' title='bbox 1506 3537 1523 3564; x_wconf 80' lang='lat'>⁸</span> <span class='ocrx_word' id='word_1_393' title='bbox 1542 3537 1816 3602; x_wconf 81' lang='lat' dir='ltr'>Congestis</span> <span class='ocrx_word' id='word_1_394' title='bbox 1853 3537 2079 3604; x_wconf 87' lang='lat' dir='ltr'>undique</span> <span class='ocrx_word' id='word_1_395' title='bbox 2113 3537 2278 3587; x_wconf 88' lang='lat' dir='ltr'>saccis</span> <span class='ocrx_word' id='word_1_396' title='bbox 2316 3532 2577 3585; x_wconf 86' lang='lat' dir='ltr'>Indormis</span> 
     </span>
     <span class='ocr_line' id='line_1_75' title="bbox 1508 3611 2580 3682; baseline -0.004 -17"><span class='ocrx_word' id='word_1_397' title='bbox 1508 3615 1732 3681; x_wconf 86' lang='lat' dir='ltr'>inhians,</span> <span class='ocrx_word' id='word_1_398' title='bbox 1772 3623 1830 3668; x_wconf 89' lang='lat' dir='ltr'>et</span> <span class='ocrx_word' id='word_1_399' title='bbox 1868 3624 2110 3682; x_wconf 80' lang='lat' dir='ltr'>tanquam</span> <span class='ocrx_word' id='word_1_400' title='bbox 2154 3629 2376 3681; x_wconf 89' lang='lat' dir='ltr'>parcere</span> <span class='ocrx_word' id='word_1_401' title='bbox 2418 3611 2580 3663; x_wconf 84' lang='lat' dir='ltr'>sacris</span> 
     </span>
     <span class='ocr_line' id='line_1_76' title="bbox 1511 3690 2580 3757; baseline -0.004 -15"><span class='ocrx_word' id='word_1_402' title='bbox 1511 3692 1763 3757; x_wconf 59' lang='lat' dir='ltr'>Cogeris)</span> <span class='ocrx_word' id='word_1_403' title='bbox 1829 3693 1901 3743; x_wconf 88' lang='lat' dir='ltr'>Et</span> <span class='ocrx_word' id='word_1_404' title='bbox 1935 3694 2047 3742; x_wconf 88' lang='lat' dir='ltr'>Sat.</span> <span class='ocrx_word' id='word_1_405' title='bbox 2086 3705 2150 3742; x_wconf 87' lang='lat' dir='ltr'>u.</span> <span class='ocrx_word' id='word_1_406' title='bbox 2184 3695 2235 3742; x_wconf 77' lang='lat'>8.</span> <span class='ocrx_word' id='word_1_407' title='bbox 2269 3693 2285 3720; x_wconf 89' lang='lat'>‘</span> <span class='ocrx_word' id='word_1_408' title='bbox 2306 3690 2412 3742; x_wconf 83' lang='lat' dir='ltr'>Qui</span> <span class='ocrx_word' id='word_1_409' title='bbox 2434 3703 2580 3739; x_wconf 90' lang='lat' dir='ltr'>num-</span> 
     </span>
     <span class='ocr_line' id='line_1_77' title="bbox 1509 3766 2580 3834; baseline -0.001 -18"><span class='ocrx_word' id='word_1_410' title='bbox 1509 3783 1642 3832; x_wconf 86' lang='lat' dir='ltr'>mos,</span> <span class='ocrx_word' id='word_1_411' title='bbox 1671 3783 1957 3834; x_wconf 86' lang='lat' dir='ltr'>aurumque</span> <span class='ocrx_word' id='word_1_412' title='bbox 1978 3768 2237 3832; x_wconf 85' lang='lat' dir='ltr'>recondit,</span> <span class='ocrx_word' id='word_1_413' title='bbox 2270 3767 2478 3817; x_wconf 88' lang='lat' dir='ltr'>nescius</span> <span class='ocrx_word' id='word_1_414' title='bbox 2499 3766 2580 3832; x_wconf 78' lang='lat' dir='ltr'>uti</span> 
     </span>
     <span class='ocr_line' id='line_1_78' title="bbox 1512 3843 2581 3910; baseline 0 -18"><span class='ocrx_word' id='word_1_415' title='bbox 1512 3843 1845 3908; x_wconf 86' lang='lat' dir='ltr'>Compositis,</span> <span class='ocrx_word' id='word_1_416' title='bbox 1885 3851 2227 3910; x_wconf 88' lang='lat' dir='ltr'>metuensque</span> <span class='ocrx_word' id='word_1_417' title='bbox 2269 3844 2416 3894; x_wconf 78' lang='lat' dir='ltr'>velut</span> <span class='ocrx_word' id='word_1_418' title='bbox 2458 3856 2581 3902; x_wconf 81' lang='lat' dir='ltr'>con-</span> 
     </span>
     <span class='ocr_line' id='line_1_79' title="bbox 1507 3918 2392 3984; baseline 0.006 -16"><span class='ocrx_word' id='word_1_419' title='bbox 1507 3918 1713 3984; x_wconf 78' lang='lat' dir='ltr'>tingere</span> <span class='ocrx_word' id='word_1_420' title='bbox 1736 3919 1975 3970; x_wconf 61' lang='lat' dir='ltr'>sacrum?</span> <span class='ocrx_word' id='word_1_421' title='bbox 2387 3925 2392 3930; x_wconf 83' lang='grc'><strong>“</strong></span> 
     </span>
    </p>

    <p class='ocr_par' dir='ltr' id='par_1_25' title="bbox 1509 3995 2580 4214">
     <span class='ocr_line' id='line_1_80' title="bbox 1577 3995 2579 4063; baseline -0.003 -17"><span class='ocrx_word' id='word_1_422' title='bbox 1577 3997 1682 4047; x_wconf 77' lang='lat' dir='ltr'>Hic</span> <span class='ocrx_word' id='word_1_423' title='bbox 1707 3997 1828 4050; x_wconf 73' lang='lat' dir='ltr'>bona</span> <span class='ocrx_word' id='word_1_424' title='bbox 1859 3999 2017 4063; x_wconf 72' lang='lat' dir='ltr'>deute,</span> <span class='ocrx_word' id='word_1_425' title='bbox 2036 3996 2148 4063; x_wconf 56' lang='lat' dir='ltr'>qm]</span> <span class='ocrx_word' id='word_1_426' title='bbox 2212 3995 2367 4048; x_wconf 84' lang='lat' dir='ltr'>Alter</span> <span class='ocrx_word' id='word_1_427' title='bbox 2398 4000 2579 4045; x_wconf 79' lang='lat' dir='ltr'>autem</span> 
     </span>
     <span class='ocr_line' id='line_1_81' title="bbox 1511 4070 2580 4140; baseline -0.003 -17"><span class='ocrx_word' id='word_1_428' title='bbox 1511 4073 1833 4137; x_wconf 80' lang='lat' dir='ltr'>geminorum</span> <span class='ocrx_word' id='word_1_429' title='bbox 1877 4073 2125 4140; x_wconf 82' lang='lat' dir='ltr'>prodigus</span> <span class='ocrx_word' id='word_1_430' title='bbox 2167 4087 2294 4137; x_wconf 81' lang='lat' dir='ltr'>opes</span> <span class='ocrx_word' id='word_1_431' title='bbox 2333 4070 2580 4138; x_wconf 77' lang='lat' dir='ltr'>abligurit</span> 
     </span>
     <span class='ocr_line' id='line_1_82' title="bbox 1509 4149 2557 4214; baseline -0.003 -15"><span class='ocrx_word' id='word_1_432' title='bbox 1509 4156 1569 4199; x_wconf 90' lang='lat' dir='ltr'>et</span> <span class='ocrx_word' id='word_1_433' title='bbox 1589 4150 1844 4214; x_wconf 81' lang='lat' dir='ltr'>dilapidat</span> <span class='ocrx_word' id='word_1_434' title='bbox 1864 4150 1916 4199; x_wconf 91' lang='lat' dir='ltr'>in</span> <span class='ocrx_word' id='word_1_435' title='bbox 1940 4149 2193 4200; x_wconf 86' lang='lat' dir='ltr'>conviviis</span> <span class='ocrx_word' id='word_1_436' title='bbox 2214 4155 2270 4200; x_wconf 88' lang='lat' dir='ltr'>et</span> <span class='ocrx_word' id='word_1_437' title='bbox 2290 4150 2433 4212; x_wconf 86' lang='lat' dir='ltr'>luxu,</span> <span class='ocrx_word' id='word_1_438' title='bbox 2453 4150 2557 4196; x_wconf 82' lang='lat' dir='ltr'>&amp;c.</span> 
     </span>
    </p>

    <p class='ocr_par' dir='ltr' id='par_1_26' title="bbox 1511 4215 2594 4371">
     <span class='ocr_line' id='line_1_83' title="bbox 1573 4215 2580 4292; baseline -0.007 -14"><span class='ocrx_word' id='word_1_439' title='bbox 1573 4231 1641 4278; x_wconf 75' lang='lat'>22</span> <span class='ocrx_word' id='word_1_440' title='bbox 1672 4215 2035 4292; x_wconf 70' lang='lat' dir='ltr'>Magnanimirs]</span> <span class='ocrx_word' id='word_1_441' title='bbox 2094 4227 2259 4277; x_wconf 87' lang='lat' dir='ltr'>Valde</span> <span class='ocrx_word' id='word_1_442' title='bbox 2282 4239 2339 4276; x_wconf 87' lang='lat' dir='ltr'>se</span> <span class='ocrx_word' id='word_1_443' title='bbox 2362 4237 2580 4291; x_wconf 81' lang='lat' dir='ltr'>genero·</span> 
     </span>
     <span class='ocr_line' id='line_1_84' title="bbox 1511 4299 2594 4371; baseline -0.002 -15"><span class='ocrx_word' id='word_1_444' title='bbox 1511 4317 1626 4356; x_wconf 78' lang='lat' dir='ltr'>sum</span> <span class='ocrx_word' id='word_1_445' title='bbox 1646 4305 1796 4364; x_wconf 79' lang='lat' dir='ltr'>velut</span> <span class='ocrx_word' id='word_1_446' title='bbox 1826 4310 2115 4371; x_wconf 80' lang='lat' dir='ltr'>ostentans,</span> <span class='ocrx_word' id='word_1_447' title='bbox 2149 4304 2272 4357; x_wconf 85' lang='lat' dir='ltr'>dum</span> <span class='ocrx_word' id='word_1_448' title='bbox 2307 4299 2594 4371; x_wconf 75' lang='lat' dir='ltr'>pronmdit-</span> 
     </span>
    </p>
   </div>
  </div>
 </body>
</html>
