3084 4934
803 409 811 416 .
843 375 1201 440 inomaus,
1248 376 1343 427 ιιι·
1385 368 1808 429 sctum-mr
1837 375 2169 425 cunnus.
2518 356 2596 425 1]

400 524 553 597 loco
574 562 579 573 ·
598 523 1101 607 comprobarit,
1119 530 1350 607 neque.
1364 534 1749 607 quenquam
1776 520 1970 605 fugit,
2004 525 2288 605 quantos
2329 519 2609 605 plausus

362 700 369 709 ‚
399 646 655 705 scurroe-
677 625 934 710 passim
962 629 1026 689 et
1060 625 1428 691 ,sanniones
1457 624 1721 693 tulerint
1746 630 1969 698 nostra
2011 626 2328 689 memoria
2363 623 2610 711 imphi—

322 720 328 725 ’
397 728 711 818 Iosophia
737 728 972 794 critica
993 727 1375 807 deridenda,
1416 729 1574 797 dum
1616 728 2001 804 ‚defensores
2044 728 2191 813 ejus
2243 727 2607 799 doctissimi

394 837 596 918 atque
643 831 1014 918 acutissimi
1057 850 1188 897 non
1229 831 1547 903 intellecti
1577 832 1678 910 illi
1718 830 1986 916 quidem
2023 849 2234 902 causa
2279 829 2607 903 cecidisse

391 933 757 1015 videantur‚
868 933 1383 1017 Innumerabiles
1434 942 1755 1018 praeterea
1805 939 1959 1024 sunt
2004 933 2313 1011 rationeS,
2362 932 2608 1016 quibus
2649 972 2653 977 -

398 1037 727 1103 Horatius
751 1055 918 1102 usus
959 1041 1087 1114 est,
1134 1035 1223 1100 ad
1250 1055 1388 1103 rem
1416 1035 1708 1120 aliquam
1742 1034 1922 1100 baud
1947 1055 2097 1106 raro
2123 1036 2472 1118 yulgarem,
2489 1054 2611 1110 no-

392 1140 616 1223 vitate.
633 1139 861 1224 aliqua
892 1146 962 1204 et
996 1142 1359 1207 venustate⁸
1390 1136 2003 1217 commendandam,
2035 1156 2189 1222 quae
2219 1136 2611 1220 ingeniosis-

366 1241 656 1321 simum,
727 1241 1247 1315 versatissimum
1302 1240 1713 1325 rationisque
1770 1240 2098 1313 humanae,
2130 1239 2609 1325 peritissimum

390 1344 704 1429 indicant,
734 1343 1409 1429 politissimorumque
1433 1345 1773 1412 hominum
1793 1344 2202 1417 ‚commercio
2225 1347 2294 1409 et
2322 1360 2608 1411 consue·

358 1446 616 1532 :tudine
644 1466 872 1526 usum,·
890 1466 1168 1533 quarum
1195 1465 1417 1533 pauca
1455 1451 1708 1513 tantum
1753 1445 2044 1528 vestigia
2087 1446 2160 1510 in
2180 1510 2186 1516 ,
2206 1444 2465 1518 Persio⁴
2494 1442 2610 1510 de·

254 1608 267 1621 ,
391 1548 893 1633 prehenduntur.
983 1546 1223 1636 Neque
1264 1568 1426 1614 sane
1461 1554 1612 1627 est,
1637 1548 1816 1634 quod
1862 1550 2191 1627 miremur,
2244 1548 2342 1613 ita
2367 1568 2442 1614 se
2459 1566 2609 1617 arem

388 1651 654 1718 babere.
672 1658 687 1687 ‘-
742 1650 1004 1719 Etenim
1032 1653 1353 1723 satiricus
1373 1653 1445 1718 in
1465 1652 1806 1717 hominum
1845 1651 2208 1737 frequentia
2234 1651 2445 1726 debet
2461 1670 2610 1731 ver·

394 1756 555 1835 sari,
585 1762 660 1821 ut
678 1775 934 1825 eorum.
952 1756 1262 1839 ingenia,
1282 1774 1524 1837 mores,
1553 1756 1716 1822 vitae
1761 1754 2302 1824 consuetudinem
2329 1773 2611 1838 cognes-

394 1867 529 1939 cat,
556 1879 686 1924 non
705 1860 775 1923 in
799 1860 1039 1925 umbra
1064 1864 1132 1924 et
1159 1857 1533 1937 solitudine,
1566 1858 1636 1922 in
1658 1876 1792 1942 qua
1817 1855 2136 1941 majorem
2163 1857 2331 1937 vitae
2345 1861 2609 1941 partem

357 2022 365 2027 .
395 1960 674 2037 Persius
700 1962 1009 2045 exegisse
1037 1961 1331 2029 videtur.
1400 1960 1547 2041 Qui
1559 1960 1878 2046 quidem·
1859 1981 1929 2024 ιιι
1946 1960 2286 2027 hominum
2310 1959 2608 2029 moribus

393 2071 460 2132 et
488 2065 687 2132 vitiis
728 2064 1179 2131 describendis
1229 2084 1488 2130 summa
1531 2065 1734 2133 utimr
1779 2063 2116 2147 diligentia
2144 2034 2609 2152 coloribusque

354 2169 970 2254 mexquisitissimis:
1043 2168 1162 2234 sed
1211 2171 1279 2237 in
1327 2168 1765 2247 lineamentis,
1817 2189 1970 2253 quae
2024 2167 2227 2233 ducta
2253 2171 2433 2251 sunt,
2478 2184 2611 2232 non

389 2270 610 2356 levem
644 2276 714 2338 et
741 2273 934 2358 quasi
954 2271 1266 2356 fugacem
1292 2271 1576 2338 artificis
1593 2291 1893 2351 manum,
1941 2272 2419 2351 sedtimentem
2446 2274 2511 2336 et
2538 2272 2609 2337 in

389 2375 662 2453 minutis
692 2379 1072 2441 accuratam
1119 2375 1456 2459 agnoscis,
1484 2365 1580 2440 'ut
1624 2376 1853 2441 statim
1904 2380 2248 2461 appareat,
2307 2380 2608 2467 naturam

395 2477 529 2545 sibi
557 2479 776 2562 ipsam
803 2497 954 2542 eum
978 2498 1109 2546 non
1137 2479 1595 2564 proposuisse,
1645 2478 1767 2545 sed
1816 2480 2081 2563 regulas
2126 2476 2429 2545 secutum
2456 2496 2606 2549 esse

393 2586 460 2646 et
482 2587 848 2676 praecepta,
894 2600 1104 2666 eaque
1127 2583 1446 2649 imitando
1475 2585 1919 2669 expressisse,
1968 2603 2121 2668 quae
2154 2580 2306 2667 jam
2338 2584 2426 2648 ab
2450 2582 2606 2655 aliis

393 2703 712 2770 expressa
736 2682 992 2748 viderit.
1081 2684 1258 2764 Quae
1286 2706 1493 2753 causa
1534 2707 1804 2772 quoque
1830 2695 1954 2766 est,
1990 2693 2067 2753 ut
2112 2688 2263 2753 loca
2292 2685 2605 2770 quaedam

390 2805 526 2852 non
554 2788 769 2871 polita
797 2787 1018 2852 solum
1047 2789 1406 2876 diligenter,
1454 2792 1579 2859 sed
1599 2793 1804 2862 ,cultu
1829 2810 2115 2876 operoso
2142 2784 2607 2874 undiquecol·

394 2890 571 2956 lecto
610 2909 804 2974 paene
859 2890 1074 2974 rigida
1125 2893 1494 2974 videantur,
1553 2895 1865 2980 quaedam
1914 2894 2216 2961 oratorio
2251 2893 2407 2959 fuco
2425 2892 2604 2965 ,adeo

395 2993 706 3073 obducta,
755 2998 852 3073 ut,
909 3015 1062 3079 quae
1109 2996 1390 3079 subsint,
1437 3017 1630 3062 nemo
1673 2997 2048 3082 perspicere
2071 2995 2306 3081 possit.
2394 2994 2607 3067 Porro

392 3116 520 3177 res,
568 3099 902 3182 exempla,
949 3099 1432 3179 similitudines,
1487 3120 1645 3186 quae
1703 3104 2181 3185 proponuntur,
2243 3118 2376 3164 non
2424 3097 2607 3167 domi

308 3197 324 3208 “
390 3206 557 3266 nata
591 3206 707 3266 aut
752 3206 989 3286 sponte
1013 3202 1272 3282 oborta,
1322 3202 1442 3271 sed
1469 3204 1698 3271 schola
1726 3201 2029 3275 videntur
2053 3202 2284 3283 allata,
2314 3201 2606 3286 ideoque

394 3322 582 3387 soepe
629 3322 763 3368 non
813 3302 1085 3369 movent
1127 3305 1420 3369 animum
1462 3305 1754 3384 lectoris,
1781 3325 1926 3377 nec.
1954 3304 2296 3393 inopinato
2342 3304 2603 3383 feriunt,

394 3404 513 3470 sed
553 3404 860 3487 frigidum
888 3404 1256 3499 relinquunt
1282 3406 1599 3473 adhibitae
1630 3409 1794 3475 artis
1841 3405 2334 3475 admiratorem.
2424 3404 2603 3487 Quas

395 3507 566 3574 vitia
591 3507 837 3584 omnia,
874 3526 935 3591 a·
951 3506 1193 3591 quibus
1220 3528 1304 3573 ne
1332 3512 1568 3594 optimi
1585 3510 1864 3596 quidem
1896 3509 2354 3579 Romanorum
2380 3509 2603 3593 poetae

397 3610 665 3677 omnino
688 3610 879 3675 liberi
905 3615 1080 3690 sunt,
1124 3630 1214 3675 ex
1243 3619 1657 3696 praepostera
1684 3613 2016 3678 rhetorum
2041 3612 2425 3696 disciplina,
2450 3631 2603 3696 quae

391 3716 840 3797 tummaxime
865 3716 1093 3796 vigere
1107 3715 1338 3798 coepit,
1359 3717 1568 3799 repeti
1585 3722 1891 3799 possunt,
1912 3734 2048 3797 qua
2072 3714 2258 3798 prius
2277 3712 2607 3793 discerent

386 3815 695 3902 juveneS,
725 3816 1281 3902 quemadmodum
1308 3817 1576 3882 inventa
1598 3826 1817 3883 essent
1841 3815 2210 3894 tractanda,
2242 3835 2440 3899 quam
2469 3818 2604 3900 ipsi

354 3928 361 3933 ’
392 3939 609 3985 rerum
636 3914 1015 4002 cognitione
1060 3921 1227 3986 satis
1272 3921 1608 3999 instructi,
1640 3940 1791 4005 quae
1822 3922 2064 4004 cuique
2105 3927 2479 4002 argumento
2505 3919 2605 3997 {o-

391 4029 532 4088 rent
559 4023 1081 4102 accommodata,
1110 4024 1419 4095 ,invenire
1449 4029 1518 4089 et
1547 4026 1926 4106 excogitare
1954 4023 2280 4087 valerent:
2335 4021 2604 4111 fierique

394 4124 661 4190 omnino
687 4144 960 4191 necesse
988 4125 1137 4206 fuit,
1165 4133 1264 4206 ut,
1293 4126 1452 4192 dum
1479 4127 1822 4193 memoriae
1851 4124 2105 4191 infinita
2128 4125 2247 4191 illa
2265 4131 2605 4211 praecepta

390 4226 891 4307 inculcarentur,
923 4226 1191 4316 ipsique
1231 4230 1302 4294 in
1337 4227 1632 4321 legendis
1667 4227 1889 4314 poetis
1915 4233 1983 4294 et
2010 4227 2379 4319 oratoribus
2397 4227 2487 4295 ad
2518 4247 2606 4303 ea
