3084 4934
580 572 709 623 pore
743 558 898 609 maris
930 555 1184 622 Ligustici
1207 557 1455 609 commoti
1493 558 1645 608 vehe-

578 636 820 699 mentius,
841 640 902 686 ut
924 649 1020 699 per
1050 635 1284 699 hyemem
1304 634 1449 684 solet.
1514 635 1646 684 Erat

582 718 757 763 antem
786 711 927 776 apud
957 717 1170 762 matrem
1204 710 1438 762 Fulviam
1475 710 1645 762 Sisen-

577 789 735 852 niam,
748 804 864 854 quae
884 788 1065 853 Liguri
1082 787 1287 839 cuidam
1311 795 1402 838 aut
1420 780 1646 839 Lunensi

580 873 847 931 nupserat.
907 866 1105 917 Camb.
1166 866 1371 917 Τιινιιοὺ.
1389 894 1456 904 -
1481 867 1645 931 Nunc]

576 941 724 995 Anas
756 944 893 994 enim
925 944 1104 994 Romae
1138 942 1509 1007 (legor-Ligus
1535 943 1645 1006 ora]

578 1019 690 1072 Pro
713 1020 993 1084 Ligustica.
1042 1020 1138 1070 Est
1158 1025 1332 1069 autem
1363 1020 1518 1083 Ligus
1546 1021 1644 1070 hoc

577 1096 698 1147 loco
732 1094 1068 1159 foemininum,
1100 1101 1157 1145 et
1194 1095 1261 1146 ad
1282 1111 1372 1147 ora
1393 1095 1641 1147 refertur.

644 1254 677 1300 7
711 1248 925 1314 Intepet]
967 1249 1438 1313 Temperatiorem,
1472 1256 1528 1301 et
1549 1251 1642 1301 mi-

579 1324 766 1375 tiorem
800 1325 972 1376 aerem
1007 1325 1229 1390 praebet.
1312 1326 1520 1379 Iudicat
1559 1329 1644 1378 Li·

576 1401 776 1464 gul-iam
811 1401 974 1466 magis
1007 1402 1238 1466 tepidam
1275 1400 1473 1466 hyemis
1512 1410 1643 1454 tem·

575 1493 706 1544 pore
728 1494 859 1542 esse,
877 1495 1032 1546 qnam
1053 1481 1106 1530 in
1125 1481 1241 1531 aliis
1259 1482 1644 1546 regionibus.—

578 1557 893 1621 Meum„8›·c.]
941 1558 1259 1611 Hetruscum
1295 1558 1380 1607 vel
1414 1559 1643 1623 Ligusti-

576 1646 696 1684 cum
714 1633 1327 1698 intelligit.——Hybemat]
1351 1634 1531 1698 Saevit,
1556 1634 1643 1685 vei

577 1725 610 1760 a
642 1712 860 1775 navigiis
892 1717 1063 1762 vacat.

576 1786 852 1839 hibernare
886 1789 1124 1851 dicimus,
1146 1788 1221 1839 sic
1243 1795 1300 1840 et
1333 1805 1494 1855 mare,
1526 1804 1644 1840 cum

575 1881 680 1916 non
719 1867 1010 1931 navigatur.
1058 1866 1164 1919 Vct.
1182 1864 1643 1933 Sch.—·-Hybernat]

572 1943 754 2008 Saevit,
777 1950 833 1994 et
855 1959 887 1994 a
908 1945 1124 2009 navigiis
1148 1946 1517 2007 vacate-Qua,
1537 1945 1643 2009 ξπ]

571 2022 734 2077 Lunae
769 2021 910 2086 opidi
943 2024 1212 2073 amoenitas
1245 2023 1541 2073 declaratur
1576 2037 1644 2072 ex

469 2101 473 2105 ’
574 2098 824 2161 adjuncto
854 2106 1047 2163 portu3
1081 2099 1137 2148 id
1171 2106 1274 2164 est,
1300 2099 1406 2148 Ubi
1445 2113 1643 2150 summa

570 2175 675 2225 loci
708 2177 994 2240 amoenitas,
1015 2192 1115 2242 qua
1144 2177 1385 2227 nimirum
1406 2176 1641 2228 altissimi

572 2252 776 2316 scopuli
796 2253 978 2318 ingens
1002 2254 1066 2304 ab
1088 2259 1312 2318 utraque
1332 2260 1482 2318 parte
1502 2254 1639 2305 latus

574 2326 702 2378 dant
720 2335 776 2378 et
798 2327 1250 2392 efficians—Qua]
1284 2329 1351 2380 Id
1384 2336 1483 2392 est,
1512 2330 1640 2381 Ubi.

570 2405 740 2469 Latiae,
759 2404 864 2468 mu]
895 2406 961 2456 Id
995 2411 1097 2469 est,
1126 2405 1373 2469 Ingentes
1413 2406 1493 2455 sni
1526 2420 1641 2470 par·

573 2485 671 2543 tes,
691 2482 795 2544 vel,
826 2482 1058 2546 iugentia
1095 2481 1310 2533 brachia
1330 2482 1397 2532 ab
1420 2488 1639 2547 utraque

573 2563 725 2621 parte
745 2559 1083 2633 protendunt,
1095 2566 1151 2610 et
1167 2560 1461 2623 porrigunt.
1486 2559 1638 2611 Idem.

636 2637 668 2681 8
702 2635 772 2683 Et
795 2634 953 2698 littus]
984 2634 1050 2684 Id
1073 2642 1173 2698 est,
1195 2635 1298 2684 Ubi
1320 2637 1470 2685 littus
1501 2636 1558 2685 in
1581 2651 1638 2687 se

572 2711 766 2775 recipit
797 2712 1012 2761 multam
1036 2713 1241 2774 vallem,
1271 2718 1328 2762 et
1361 2713 1638 2777 planiciem

570 2792 627 2836 et
650 2793 818 2836 tntum
841 2803 872 2836 a
893 2789 1061 2837 ventis
1084 2794 1140 2838 et
1162 2778 1354 2853 frigore
1390 2789 1535 2855 quasi
1572 2791 1637 2840 si-

567 2857 711 2926 num,
727 2870 782 2913 et
805 2865 1071 2929 gremium.
1137 2867 1319 2930 Multa,
1340 2866 1448 2931 qma]
1479 2867 1640 2917 Vide-

478 2984 487 2991 .
568 2946 658 2991 tur
674 2943 846 2991 uallem
861 2943 1129 3006 appellare
1144 2949 1478 2993 curvaturam
1492 2944 1637 2993 luna-

564 3017 607 3069 ti
639 3017 858 3085 littoris;
894 3018 1033 3069 unde
1067 3025 1125 3069 et
1144 3020 1283 3073 Luna
1304 3019 1497 3070 dictus.
1542 3022 1637 3070 Ca-

563 3093 696 3145 anub.

633 3173 668 3218 9
699 3168 997 3235 Lundstrm]
1029 3171 1224 3223 Inserit
1238 3163 1444 3221 versum
1461 3172 1635 3236 Ennii,

568 3245 734 3310 quiet
755 3246 869 3311 ipse
895 3248 1031 3297 huuc
1065 3253 1272 3312 portum
1306 3247 1636 3311 collaudavit,

566 3326 626 3370 et
645 3321 1063 3373 commendavit.
1099 3328 1156 3371 et
1177 3323 1319 3372 cives
1352 3323 1420 3371 ad
1442 3337 1636 3371 merca-

567 3401 738 3447 turam
770 3398 1029 3449 invitavit.
1032 3396 1212 3462 ——Est,
1242 3397 1349 3461 ξω]
1383 3399 1633 3450 Precium

567 3474 790 3525 scilicet.
812 3474 995 3527 Lubin.

633 3554 697 3600 1⁰
734 3552 830 3600 Cor
856 3551 1016 3615 jubet,
1058 3550 1167 3615 qma]
1234 3551 1391 3601 Hunc
1427 3567 1633 3602 versum

571 3625 641 3676 ad
664 3641 810 3676 suum
832 3640 1042 3677 carmen
1063 3626 1131 3677 de
1153 3627 1306 3677 Ennii
1323 3627 1635 3678 carminibus

565 3703 857 3754 transtulit.
906 3700 1012 3755 Vet.
1046 3703 1340 3766 Sela—Cor,
1370 3705 1476 3768 asa]
1523 3706 1632 3755 Pro

567 3776 741 3829 Ennio
763 3779 999 3842 cordato,
1019 3786 1075 3830 et
1091 3780 1633 3843 ingeniosa—Deam·-

566 3852 687 3918 tuit]
720 3855 786 3904 1·d
825 3862 933 3920 est,
957 3857 1255 3906 somniandi
1291 3856 1447 3906 finem
1486 3854 1632 3911 fecit.

569 3930 761 3989 Obiter
796 3933 952 3981 Ennii
987 3933 1272 3983 vanitatem
1313 3933 1632 3996 perstringit.

566 4005 636 4060 Id
669 4014 767 4071 est,
799 4009 1084 4074 Postquam
1104 4008 1503 4073 expergefactus
1528 4022 1633 4059 uon

566 4084 784 4148 amplius
816 4084 1025 4148 delirat,
1055 4085 1149 4135 sed
1174 4087 1289 4150 jam
1312 4101 1405 4136 cor
1435 4086 1631 4147 habet,
1615 4103 1630 4116 ·

564 4159 735 4219 idest,
750 4160 1001 4210 Col-datus
1020 4167 1076 4210 et
1091 4162 1298 4226 sapiens
1311 4170 1407 4212 est.
1440 4164 1632 4214 Quam-

568 4234 653 4285 vis
665 4234 873 4300 sintqui
895 4237 1048 4286 cordis
1062 4239 1324 4289 mentione
1346 4239 1633 4304 respiciant

568 4302 643 4360 td
678 4309 811 4360 illud
842 4310 1016 4376 Ennii,
1064 4329 1172 4378 quo
1208 4314 1345 4366 dixit
1382 4312 1486 4366 sibi
1528 4314 1635 4366 tria

1128 1712 1275 1762 Sicut
1315 1712 1451 1761 enim
1484 1726 1650 1763 naves

1291 402 1507 465 Now
1536 400 1963 469 'vAmomm
2007 412 2087 461 m

1721 557 1883 608 corda
1900 571 2033 627 esse,
2064 557 2190 624 quia
2210 562 2322 609 tres
2339 557 2544 622 linguas
2577 554 2780 619 calleat,

1722 635 1982 697 Latinam,
2005 634 2265 697 Groecam,
2285 641 2341 684 et
2362 635 2575 685 oscam.
2609 634 2756 683 Idem.

1725 732 1734 751 ι
1786 715 1848 761 11
1874 711 2163 775 Moeonides]
2197 712 2470 762 Homerus.
2494 711 2780 762 Somniat-at

1718 794 1893 839 autem
1916 776 2115 839 Ennius
2138 802 2194 837 se
2216 789 2501 838 Homerum
2533 792 2649 838 esse
2680 780 2783 841 fae-

1722 865 2153 928 tum—Quintus]
2186 866 2308 915 Non
2330 862 2550 927 numeri,
2568 863 2661 914 sed
2684 864 2783 917 En.

1718 943 1792 993 nii
1815 957 2113 1008 praenomen
2134 948 2230 994 est.
2282 942 2347 992 Id
2361 942 2590 1006 est,Jam
2607 954 2780 989 rursus

1719 1019 1942 1074 Quintus
1963 1021 2160 1075 Ennius
2183 1036 2252 1071 ex
2285 1034 2489 1085 pavone
2522 1019 2783 1084 Pythago-

1718 1112 1814 1148 reo
1832 1096 2023 1148 factus.
2084 1097 2268 1147 Aniles
2295 1095 2661 1161 Pythagorica
2694 1109 2782 1145 nu·

1716 1172 1813 1239 goe.
1859 1175 2061 1225 Τιιηιεῠ.
2085 1179 2223 1226 xxx.
2242 1178 2292 1224 7.

1782 1255 1846 1301 12
1902 1251 2047 1312 Heio,
2089 1249 2198 1313 δἐι]
2239 1249 2303 1300 In
2343 1250 2445 1299 hoc
2497 1250 2631 1311 loco,
2681 1262 2777 1315 ego

1716 1326 1853 1392 dego
1873 1327 1926 1377 in
1951 1327 2234 1393 tranquilla
2249 1340 2400 1390 pace,
2417 1330 2475 1374 et
2494 1324 2641 1374 ocio:
2673 1324 2784 1373 vul-

1718 1404 1790 1469 gi,
1808 1410 1865 1470 et
1888 1404 2012 1469 quid
2034 1404 2257 1469 populus
2278 1402 2345 1451 de
2363 1416 2448 1452 me
2471 1400 2682 1463 sentiat,
2713 1414 2785 1449 se-

1717 1481 2048 1544 curum—Et,
2089 1479 2195 1543 ξω]
2281 1479 2397 1529 Nec
2459 1491 2607 1540 curo,
2662 1475 2786 1540 quid

1716 1556 1915 1607 Auster
1953 1563 2138 1606 ventus
2172 1557 2261 1605 iile
2302 1552 2653 1604 meridionalis
2692 1566 2783 1602 suo

1718 1635 1886 1684 calore
1909 1633 2096 1698 pecudi
2120 1631 2326 1694 infelix,
2344 1630 2528 1681 noxius
2539 1630 2609 1680 'et
2627 1629 2785 1694 pesti·

1717 1711 1828 1761 lens
1846 1717 2128 1776 praeparet,
2151 1717 2208 1760 et
2240 1706 2550 1773 portendat:
2585 1704 2786 1757 indicat

1719 1794 1893 1838 autem
1911 1802 1967 1837 se
1987 1788 2100 1838 vita
2134 1786 2369 1836 Stoicum
2392 1799 2526 1846 esse,
2551 1789 2608 1833 et
2630 1782 2785 1835 nullis¹
2871 1840 2875 1849 Α

1720 1863 2009 1917 adfectibus
2032 1861 2347 1928 perturbari.
2391 1860 2563 1910 Lubin.

1783 1945 1846 1991 13
1880 1941 2097 2000 Secum,
2119 1941 2225 2029 qua]
2272 1939 2393 1989 Non
2416 1951 2561 2001 curo,
2583 1951 2688 1986 non
2713 1936 2786 1987 in-

1716 2017 1890 2081 video,
1922 2017 2062 2083 quod
2085 2017 2281 2069 vicinus
2309 2029 2457 2064 meus
2493 2028 2579 2063 me
2610 2013 2785 2075 ditior,

1716 2099 1773 2143 et
1811 2093 1952 2159 qnod
1992 2093 2104 2157 ejus
2143 2091 2300 2156 agelli
2342 2092 2580 2155 angulus,
2607 2095 2784 2153 nostro

1716 2171 1798 2221 vel
1842 2186 1958 2220 meo
1991 2172 2147 2236 longe
2187 2170 2428 2237 pinguior
2463 2175 2521 2220 et
2558 2167 2782 2221 fertilior
2819 2229 2823 2231 Δ

1715 2244 1813 2298 e'st.

1781 2329 1843 2376 14
1878 2326 1949 2376 Et
1968 2326 2030 2389 si,
2050 2325 2155 2390 ξω]
2199 2324 2315 2376 Etsi
2349 2339 2526 2376 omnes
2546 2324 2780 2376 homines
2850 2328 2856 2335 '

1712 2402 1835 2453 mali
1875 2409 1929 2452 et
1963 2402 2219 2467 ignobiles
2253 2402 2538 2462 ditescunt,
2579 2415 2678 2465 ego
2707 2404 2783 2451 ta·

1713 2495 1833 2530 meu
1849 2481 2004 2530 miser
2026 2495 2154 2544 esse,
2165 2479 2332 2545 iisque
2351 2479 2587 2531 invidere
2602 2479 2780 2529 nolim.

1717 2568 1726 2575 ·
1778 2562 1838 2607 15
1881 2555 2055 2621 Usque,
2076 2559 2184 2622 ξω]
2235 2557 2302 2607 Id
2325 2563 2428 2618 est,
2444 2557 2664 2621 Semper
2684 2558 2782 2621 'ego

1712 2634 1892 2684 nolim.
1931 2634 2110 2683 Lubin.
2177 2633 2279 2683 Vel
2321 2648 2586 2698 nunquam
2624 2632 2782 2682 addu-

1712 2727 1820 2774 car,
1860 2717 1919 2761 ut
1954 2711 2187 2763 dolorem
2220 2726 2285 2761 ex
2322 2726 2386 2761 ea
2418 2726 2478 2760 re
2501 2712 2665 2761 ullum
2696 2724 2782 2761 ea·

1711 2789 1863 2853 piam.
1909 2789 2111 2840 Casnnb.
2759 2798 2766 2809 “

1776 2867 1839 2913 16
1877 2864 2082 2927 Curvus]
2116 2864 2178 2914 In
2202 2869 2396 2914 terram
2420 2877 2615 2929 pronus
2637 2876 2780 2914 more

1711 2940 1936 2990 tristium
1981 2945 2037 2991 et
2081 2939 2533 2992 dolentium—Ob
2564 2941 2644 3004 id]
2701 2940 2780 2991 Eo

1709 3016 1936 3077 nomine,
1960 3017 2099 3080 quod
2129 3017 2217 3066 alii
2255 3015 2506 3066 fortunati
2544 3023 2684 3080 sunt,
2722 3022 2780 3067 et

1708 3091 2237 3154 ditescunt.--Minui,
2252 3092 2358 3157 ξω]
2381 3092 2448 3143 Id
2466 3098 2564 3155 est,
2584 3088 2780 3156 Taedio,

1710 3175 1764 3218 et
1787 3169 1988 3233 dolore,
2006 3176 2061 3219 et
2093 3171 2309 3219 aliorum
2343 3170 2499 3219 rebus
2540 3169 2781 3223 secundis

1709 3247 1962 3309 consumi,
1980 3253 2037 3296 et
2056 3247 2442 3297 contabescere.
2478 3246 2673 3297 Senium
2686 3261 2779 3311 pro

1708 3322 1866 3372 taedio
1911 3323 2263 3386 ponit.·-Sine
2303 3322 2464 3386 uncto]
2514 3323 2692 3373 Uncto
2725 3328 2780 3373 et

1710 3399 1938 3450 delicato
1960 3401 2096 3452 cibo.
2135 3401 2312 3450 Lubin.

1774 3480 1835 3524 17
1871 3478 1958 3541 Et,
1978 3474 2087 3540 &⁶⁶3
2119 3476 2370 3526 Sciebant
2384 3477 2533 3526 avari
2548 3477 2779 3527 esculen-

1708 3554 1766 3601 ta
1788 3558 1843 3601 et
1864 3555 2143 3616 poculenta
2171 3554 2360 3602 annulo
2392 3553 2689 3617 obsignare,
2707 3542 2778 3604 'ne

1709 3626 1889 3678 furtim
1932 3629 2128 3694 aliquid
2171 3628 2483 3680 auferretur.
2534 3622 2777 3680 min.—

1709 3705 1789 3766 Ῑιι,
1831 3706 1942 3770 ξω]
2000 3705 2215 3770 Duplex
2252 3711 2377 3755 nota
2415 3706 2778 3757 minutissima*-

1710 3793 1822 3833 rum
1864 3780 2092 3830 sordium
2130 3789 2229 3843 est,
2279 3796 2434 3845 qnam
2471 3781 2555 3830 hic
2599 3796 2777 3832 recen·

1708 3861 1820 3905 set:
1857 3856 2016 3919 prior,
2036 3845 2310 3920 obsignare
2333 3857 2544 3919 lagenas
2574 3857 2629 3906 in
2665 3858 2775 3924 qui-

1708 3925 1802 3983 bus
1845 3949 1947 3984 non
1991 3936 2166 3984 vinum
2210 3935 2295 3997 sit,
2348 3935 2439 3985 sed
2483 3951 2675 3999 vappa,
2719 3934 2774 3986 id

1708 4010 1844 4059 enim
1867 4016 1946 4060 est
1978 4012 2151 4075 vapida
2170 4014 2354 4074 lagena.
2420 4012 2634 4062 Deinde
2656 4028 2772 4063 cum

1709 4086 2026 4150 resignandae
2052 4095 2190 4149 sunt,
2223 4094 2369 4138 tanto
2393 4089 2565 4139 studio
2598 4089 2772 4140 obser-

1708 4178 1829 4212 vare
1860 4177 1926 4213 an
1964 4163 2105 4213 salva
2138 4170 2194 4222 et
2228 4162 2434 4229 integra
2466 4165 2576 4216 sint
2606 4164 2770 4230 signa,

1708 4247 1771 4289 ut
1804 4254 1934 4289 naso
1964 4241 2234 4305 contingat
2266 4243 2496 4307 lagenas.
2568 4237 2768 4293 casaub

1711 4314 1914 4367 {mr-neb.
1934 4326 2070 4368 xxx.
2094 4319 2144 4368 7.
2287 4322 2298 4335 *
