3084 4934
512 398 606 466 38

430 617 441 621 -
519 554 718 625 Unde
743 558 1019 640 RemuS‚
1051 561 1373 647 sulcoque
1401 569 1613 629 terens
1642 564 1952 645 dentalia,
1984 565 2238 646 Quinti,

525 662 698 729 Cum
726 664 986 749 trepida
1013 669 1166 729 ante
1194 665 1404 742 boves
1433 658 1823 733 dictatorem
1863 670 2077 735 induit
2103 691 2297 748 uxor,

518 765 609 832 Et
638 774 750 833 tua
781 773 999 833 aratra
1019 767 1290 833 domum
1314 770 1510 835 lictor
1533 773 1721 838 tulit:
1754 793 1918 856 euge
1942 773 2185 858 poeta!

564 918 572 925 .
605 869 731 934 Est
754 889 952 949 nunc,
983 870 1236 936 Briseis
1265 891 1461 955 quem
1491 894 1785 939 venosus
1809 876 1975 941 liber
2012 875 2209 955 Acci,

1283 414 1649 465 A.·PER311
1699 417 1963 467 FhAccl
2009 446 2016 451 -

2643 777 2734 843 75

521 1052 718 1115 Remus,
754 1056 802 1101 et
825 1058 881 1102 tu
906 1044 1149 1117 quoque,‘
1170 1068 1199 1102 o
1227 1054 1415 1119 Quinti,
1434 1061 1644 1106 atterens
1665 1050 1889 1107 'aratrum
1905 1052 2088 1108 'sulcata
2108 1059 2278 1121 humo,
2312 1075 2446 1124 quem
2468 1066 2577 1110 onte
2600 1060 2735 1112 boves

518 1117 689 1178 coniux
730 1117 936 1167 attonita
972 1118 1166 1167 vestivit
1200 1120 1468 1170 Dictator-is
1508 1128 1654 1185 veste,
1695 1129 1744 1172 tt
1782 1124 1939 1172 viator
1975 1126 2235 1187 reportarit
2276 1132 2490 1175 aratrum
2531 1133 2664 1176 taum
2684 1125 2736 1176 iu

519 1184 645 1232 «ἀει
666 1189 798 1233 tuas.
865 1183 1049 1246 Macte,
1086 1198 1114 1232 o
1145 1184 1288 1234 Vates
1303 1200 1324 1244 ,⁶
1342 1187 1693 1250 reperitur-jum
1731 1189 1932 1254 aliquis,
1947 1204 2082 1252 quem
2113 1190 2381 1241 delectent
2422 1191 2601 1256 scripta
2636 1198 2737 1241 tur-

1442 1331 1560 1350 O‘OO
1566 1331 1798 1352 “8000“

521 1416 575 1461 et
593 1411 871 1462 humilibus
895 1414 1081 1478 stylum
1106 1415 1473 1466 exercuissent.
1502 1419 1895 1470 Cusaubon.—72
1919 1422 2108 1471 Parilia
2121 1421 2264 1471 Edit.
2283 1422 2462 1486 Steph.
2482 1428 2536 1471 et
2558 1423 2735 1472 multae

520 1476 788 1527 Edd.-⁷4
826 1478 975 1533 Quem
989 1480 1248 1529 dictatura.
1284 1481 1386 1531 Ms.
1411 1481 1666 1533 Gale—76
1697 1486 1831 1535 Attii
1853 1488 1955 1537 Ms.
1977 1486 2043 1537 R.
2079 1487 2244 1536 Brisei
2264 1496 2418 1537 vetus
2438 1488 2600 1537 lectio
2621 1493 2734 1550 est3

521 1550 578 1591 et
590 1541 706 1593 Acci
726 1558 746 1600 ‚-
766 1558 867 1592 non
887 1544 1088 1606 Brisoei,
1124 1559 1293 1610 neque
1323 1547 1441 1596 Acti
1460 1549 1542 1597 vel
1563 1549 1692 1599 Atti.
1760 1551 1865 1600 Sed
1889 1567 1983 1617 pro
2007 1553 2172 1601 Bricei
2196 1555 2311 1617 lego
2341 1554 2544 1602 Briseis.-
2576 1554 2734 1602 notis-

518 1608 699 1657 simum
720 1606 948 1658 foeminse
971 1624 1154 1660 nomen
1175 1625 1239 1659 ex
1258 1611 1503 1678 Homero,
1524 1619 1581 1664 et
1603 1615 1717 1666 aliis
1739 1616 1947 1668 Poetis:
1970 1618 2082 1682 ejus
2103 1632 2252 1668 casus
2273 1619 2563 1684 Tragoediae
2582 1632 2733 1667 nemo

1515 1764 1732 1815 NOTAE

512 1872 764 1939 vigesima
785 1878 950 1942 prima
980 1879 1066 1930 die
1085 1879 1301 1945 Aprilis.
1368 1880 1583 1930 Festum

516 1952 746 2016 agebant
766 1953 832 2003 ad
855 1956 1105 2006 arcendos
1128 1958 1278 2022 lupos
1300 1963 1355 2007 et
1376 1958 1581 2008 morbos

518 2024 553 2076 a‘
572 2043 798 2092 pecore:
834 2033 920 2083 vel
953 2041 1013 2083 ut
1048 2033 1175 2084 felix
1216 2046 1358 2086 esset
1393 2043 1449 2086 et
1486 2035 1582 2085 foe-

513 2107 710 2157 cundus
747 2110 952 2173 pecoris
989 2118 1201 2176 partus:
1239 2113 1377 2163 unde
1401 2114 1583 2177 legunt

512 2184 739 2250 quidam,
770 2187 975 2238 Parilia.
1027 2188 1163 2238 Vide
1192 2189 1379 2242 Athen.
1399 2191 1435 2240 l.
1453 2204 1579 2240 vm.

510 2263 603 2313 sub
625 2261 799 2314 finem.
868 2264 1025 2315 Ovid.
1044 2279 1122 2315 rv.
1141 2267 1427 2317 Fastorum.

576 2341 805 2404 Fumosa]
871 2342 1008 2393 Quia
1045 2345 1302 2407 congestis
1341 2343 1480 2393 foeno
1526 2352 1582 2396 et

511 2415 707 2481 stipula
747 2418 917 2481 ignem
960 2419 1315 2471 accendebant
1355 2420 1580 2485 Rustici,

507 2492 563 2543 in
586 2492 804 2558 Fuluiis,
828 2496 1276 2563 transilientesque
1301 2498 1501 2563 expiari
1523 2514 1582 2549 se

511 2569 815 2621 credebant.
903 2572 1061 2624 Ovid.
1102 2576 1245 2625 Fast.
1277 2590 1356 2626 lv.
1390 2576 1406 2602 ‘
1427 2576 1579 2626 Mox-

509 2662 610 2714 que
644 2663 741 2713 per
773 2649 1016 2700 ardentes
1039 2651 1245 2716 stipulae
1273 2653 1580 2717 crepitantis

506 2740 722 2778 acervos
738 2727 985 2792 Trajicias
1009 2730 1169 2779 celeri
1192 2736 1404 2781 strenua
1422 2746 1579 2780 mem-

508 2802 603 2853 bra
644 2803 814 2868 pede.'
882 2807 953 2855 Et
993 2813 1146 2870 post:
1179 2809 1195 2835 ‘
1224 2808 1418 2858 Omnia
1457 2824 1577 2873 pur-

511 2886 601 2946 gat
655 2881 792 2932 edax
847 2883 1000 2947 ignis,
1053 2885 1337 2950 vitiumque
1380 2887 1578 2936 metalli

506 2959 799 3025 Excoquit3
833 2960 1029 3012 idcirco
1066 2978 1183 3012 cum
1221 2964 1353 3013 duce
1388 2972 1581 3029 purgat

509 3038 671 3087 oves!

572 3119 637 3164 ⁷3
679 3116 813 3167 Unde
842 3117 1041 3182 Remus]
1075 3120 1193 3171 Quo
1218 3133 1284 3167 ex
1308 3133 1432 3184 agro
1455 3134 1578 3183 pro<

508 3191 609 3241 diit
629 3191 823 3244 Remus
846 3210 961 3244 cum
981 3196 1147 3246 fratre
1170 3197 1371 3247 scilicet
1389 3199 1576 3247 Romu-

500 3268 557 3319 lo
579 3288 594 3331 ;
625 3275 681 3319 et
710 3273 926 3322 Romam
946 3273 1287 3323 condiderunt
1311 3273 1454 3324 circa
1475 3275 1575 3324 Pa-

502 3349 729 3400 liliorum
751 3351 908 3402 diem.
944 3352 1102 3404 Ovid.
1121 3342 1259 3405 ffit.
1281 3367 1358 3402 ιν.

573 3428 824 3492 Dentalia]
858 3432 1087 3481 Dentale
1126 3447 1247 3495 pars
1288 3431 1447 3481 aratri
1481 3430 1575 3496 lig-

505 3521 607 3556 nea
628 3508 711 3557 cui
735 3507 1020 3573 praefigitur
1040 3524 1235 3560 vomer.
1561 3516 1564 3521 '

577 3584 775 3649 Quinti]
809 3587 960 3636 Unde
989 3596 1043 3635 tu
1081 3602 1282 3652 quoque
1320 3586 1576 3652 prodiisti,

503 3678 537 3713 o
575 3660 765 3716 Quinti
796 3663 1127 3726 Cincinnate,
1169 3664 1257 3730 qui
1298 3680 1363 3715 ex
1398 3671 1575 3715 aratro

505 3739 572 3789 ad
594 3739 926 3791 Dictaturam
945 3754 1001 3789 es
1021 3747 1284 3792 evocatus.
1337 3742 1439 3791 Tit.
1460 3741 1575 3791 Liv.

500 3815 540 3868 1.
563 3830 651 3867 ιιι.

569 3900 635 3946 74
675 3897 975 3946 Dictator-em
1026 3895 1205 3962 induit]
1281 3897 1581 3962 Dictatura,

506 3986 733 4022 summus
748 3974 1098 4024 Romanorum
1120 3974 1459 4039 Magistratus
1484 3991 1575 4025 sex

504 4049 767 4100 mensibus
787 4049 1012 4100 durabat
1029 4068 1041 4100 :
1061 4051 1254 4101 licebat
1269 4057 1439 4100 tamen
1453 4061 1576 4103 ante

502 4132 712 4192 tempus
731 4128 1006 4179 abdicare:
1051 4128 1187 4194 quod
1211 4127 1341 4179 fecit
1384 4131 1574 4180 Lucius

500 4203 590 4253 ille
611 4204 879 4267 Quintius,
918 4212 1037 4271 post
1067 4204 1177 4255 dles
1192 4204 1476 4269 sexdecim,
1496 4221 1575 4256 re-

507 4279 706 4345 diitque
744 4282 811 4331 ad
849 4295 978 4349 opus
1000 4282 1267 4349 rusticum,
1298 4288 1577 4349 postquam

1664 1896 1773 1931 rem
1829 1882 2113 1932 Romanam
2152 1881 2205 1930 in
2251 1886 2368 1930 tuto
2412 1880 2736 1941 collocasset,

1662 1959 1881 2009 liberato
1911 1960 2139 2010 ,Consule
2186 1959 2248 2008 L.
2292 1957 2539 2020 Minutio‚
2577 1971 2731 2022 quem

1661 2036 1926 2087 obsessum
1965 2037 2016 2085 in
2062 2033 2252 2099 Algido
2274 2040 2449 2083 monte
2474 2034 2586 2098 jam
2620 2033 2731 2082 dies

1662 2115 1858 2181 aliquot
1902 2112 2150 2164 tenebant
2195 2110 2343 2176 AEqui
2380 2110 2570 2159 hostes.
2630 2109 2737 2158 Tit.

1660 2192 1775 2243 Liv.
1800 2204 1885 2242 ιιι.
1907 2196 1990 2243 27.
2015 2198 2070 2241 et
2090 2190 2437 2256 sequentibus

1734 2270 1890 2335 Uxor]
1922 2270 2151 2320 Racilia:
2209 2269 2410 2333 trepida,
2464 2267 2572 2317 sive
2623 2282 2732 2331 prae

1665 2345 1873 2410 gaudio,
1901 2347 2009 2396 sive
2036 2361 2146 2410 prae
2169 2352 2383 2410 stupore
2409 2345 2473 2395 ob
2494 2346 2734 2410 inexpec-

1664 2430 1825 2474 tatum
1864 2426 2129 2487 honorem,
2169 2429 2224 2472 et
2260 2423 2536 2472 discrimen
2561 2437 2731 2472 rerum

1662 2500 2030 2552 Romanarum.

1727 2582 1788 2626 '75
1827 2579 1969 2640 Euge
1999 2575 2178 2640 Poeta]
2214 2577 2364 2626 Bono
2396 2582 2510 2626 esto
2529 2576 2729 2625 animo:

1662 2667 1728 2703 en
1752 2654 1838 2703 alii
1874 2660 2047 2704 tecum
2093 2659 2267 2703 amant
2308 2653 2463 2702 etiam
2504 2651 2735 2717 antiqua,

1662 2729 1913 2795 obsoleta,
1946 2730 2173 2795 turgida.
2253 2730 2478 2795 Ironice,
2515 2736 2570 2779 et
2616 2728 2736 2778 sati-

1658 2823 1784 2860 rice.

1720 2891 1786 2937 76
1817 2887 2029 2951 Briseis]
2077 2887 2164 2937 Sic
2204 2885 2369 2953 magis
2407 2886 2582 2951 placet
2615 2900 2729 2936 cum

1656 2964 1768 3014 aliis
1788 2966 1983 3029 legere,
2003 2964 2210 3026 Briseis,
2234 2963 2396 3028 (quod
2432 2977 2616 3011 nomen
2639 2977 2733 3026 pu·

1660 3043 1776 3092 ellae
1801 3047 1899 3106 est,
1944 3041 2010 3090 de
2050 3056 2150 3106 qua
2184 3041 2445 3090 Homerus
2469 3039 2654 3104 passim
2679 3039 2738 3089 in

1655 3118 1841 3182 Iliade,
1857 3124 1912 3168 et
1928 3117 2081 3169 ovid.
2097 3117 2267 3181 Epist.
2284 3113 2360 3181 3.)
2382 3123 2442 3166 ut
2459 3115 2529 3165 sit
2550 3116 2732 3165 titulus
2798 3130 2803 3134 ·

1654 3194 1945 3259 Tragoediae
1982 3192 2047 3243 ab
2082 3192 2248 3242 Accio
2287 3192 2532 3256 scriptae3
2559 3201 2733 3256 qu‘em-

1658 3273 1934 3322 admodum
1968 3271 2182 3335 ponitur
2216 3285 2337 3319 mox
2380 3268 2611 3332 Antiopa
2630 3268 2734 3318 Pa·

1654 3350 1789 3398 cuvii
1810 3349 2100 3412 Tragoedia.
2166 3346 2274 3397 Alii
2312 3350 2513 3411 legunt,
2536 3347 2735 3407 *Briau

1655 3425 1794 3492 quod
1825 3428 2022 3476 Bacchi
2058 3438 2344 3490 cognomen
2366 3424 2612 3474 tribuitur
2634 3423 2735 3477 Ac-

1654 3504 1754 3565 cio,
1778 3504 1860 3553 vel
1882 3503 2020 3569 quod
2039 3503 2091 3553 in
2127 3502 2324 3552 Bacchi
2349 3501 2591 3551 clientela
2615 3508 2734 3551 sunt

1655 3581 1839 3631 Poetae
1862 3581 2084 3646 Tragici,
2100 3581 2184 3631 vel
2203 3580 2341 3646 quod
2357 3581 2587 3630 Bacchas
2601 3581 2732 3629 Tra-

1658 3659 1878 3723 goediam
1895 3659 2196 3723 scripserat.
2611 3662 2621 3670 ”

1731 3735 1938 3787 venosus
1975 3736 2119 3799 liber]
2172 3736 2332 3789 Quasi
2371 3734 2516 3784 venis
2541 3735 2731 3799 promi-

1658 3814 1899 3864 nentibus
1944 3821 2164 3864 tumens.
2230 3813 2394 3862 Porro
2434 3812 2556 3877 quid
2600 3814 2731 3862 Tur·

1657 3893 1848 3943 nebum
1892 3892 2112 3942 moverit
2154 3900 2213 3941 ut
2263 3890 2540 3954 legendum
2599 3905 2733 3960 esse,

1659 3987 1885 4036 naevosus,
1902 3972 2276 4036 suspicaretur,
2297 3975 2406 4018 ‘nec
2437 3983 2532 4033 ego
2562 3970 2726 4035 suspi-

1657 4050 1766 4098 cari
1789 4063 2015 4114 possum.

1721 4125 1861 4189 Acci]
1893 4126 2035 4175 Cave
2057 4124 2222 4189 legas,
2244 4125 2394 4174 Antii.
2451 4124 2727 4175 Nec'enim

1656 4205 1887 4269 loquitur
1908 4205 1993 4255 hic
2018 4204 2233 4256 Persius
2255 4206 2321 4254 de
2346 4204 2586 4255 Labeone
2622 4201 2726 4254 Ac-

1656 4280 1751 4348 tio,
1797 4280 1862 4333 de
1894 4296 1998 4348 quo
2028 4281 2140 4348 jam
2173 4282 2315 4346 satis,
2348 4282 2441 4333 sed
2463 4281 2530 4332 de
2562 4282 2726 4333 Lucio
