3084 4934
524 382 662 456 22ss

528 547 628 601 bus
667 546 790 600 Diis
819 547 940 600 illos
974 542 1328 600 ostenderent.
1393 539 1599 593 Cannis.

531 625 688 689 -Βὲ,
721 622 828 688 ξω]
878 623 939 674 ld
969 627 1071 687 est,
1134 620 1290 685 Spem
1330 616 1400 668 de
1435 630 1600 683 puero

530 701 739 764 exilem,
761 700 967 752 dubiam
990 707 1048 750 et
1069 696 1326 748 fallacem.
1391 693 1601 759 Suppli·

532 778 667 829 citer
687 779 845 844 igitur
867 784 1001 839 orat,
1035 783 1095 827 ut
1120 775 1267 825 dives
1305 770 1516 833 eradat,
1539 776 1604 820 ut

532 851 763 905 Licinius
777 857 860 905 vel
877 850 1342 916 Crassum—Spem,
1361 847 1471 912 ξω]
1492 845 1604 897 Alii

450 943 461 954 ³
531 946 633 999 per
670 931 1042 997 Metonymiam
1087 943 1232 993 spem
1289 940 1385 991 pro
1438 937 1603 991 puero

536 1008 822 1074 explicant,
843 1021 945 1057 non
965 1006 1117 1056 male.
1181 1002 1354 1055 labin.

602 1089 667 1135 86
702 1086 862 1146 Nunc,
879 1084 987 1148 qa]
1019 1081 1249 1132 Licinius
1286 1080 1503 1131 Crassus
1526 1078 1606 1129 iu-

535 1167 619 1212 ter
658 1159 922 1211 Romanos
978 1154 1432 1221 locupletissimus,
1486 1153 1607 1204 ideo

538 1237 687 1288 (lives
709 1235 1124 1300 cognominatus.
1189 1231 1300 1282 Alii
1318 1232 1501 1281 volunt
1520 1230 1608 1280 Li-

534 1313 729 1364 ciniam
750 1320 1017 1362 tonsorem
1035 1324 1098 1360 ac
1116 1308 1365 1360 libertum
1380 1306 1609 1373 Augusti

526 1389 758 1442 θωπί·
778 1387 1055 1454 significari
1079 1384 1432 1453 praedivitem:
1459 1385 1610 1451 cujus

537 1467 911 1518 monimentum
949 1471 1026 1515 est
1064 1462 1282 1528 pretiosi
1315 1462 1488 1528 operis
1525 1462 1611 1513 via

539 1543 739 1594 Salaria
761 1557 927 1611 prope
949 1541 1146 1603 urbem,
1179 1539 1245 1590 ad
1276 1538 1507 1606 lapidem
1529 1554 1610 1589 se·

538 1619 784 1672 cundum.
866 1621 954 1671 De
993 1620 1094 1669 hoc
1142 1632 1245 1669 uon
1280 1616 1610 1668 invenustum

539 1698 791 1748 Varronis
827 1697 1161 1763 Epigramma
1192 1692 1395 1745 fertur:
1428 1694 1445 1721 ‘
1468 1694 1610 1744 Mar·

536 1788 716 1830 moreo
734 1773 944 1823 Licinus
965 1773 1166 1824 tumulo
1179 1771 1359 1836 jacetz
1395 1774 1452 1820 at
1474 1770 1609 1822 Cato

540 1865 736 1916 parvo:
773 1850 1059 1915 Pompejus
1079 1850 1239 1900 nullo.
1306 1848 1439 1903 Quis
1456 1854 1613 1913 putet

540 1937 656 1978 esse
688 1925 884 1978 Deos?
969 1927 1077 1977 Vct.
1120 1925 1468 1990 Βοὴ-ΝΜ,
1503 1924 1610 1989 lfa]

539 2006 735 2057 Votum
756 2020 851 2070 pro
875 2003 1088 2056 divitiis.
1129 2002 1305 2054 Latini
1327 2002 1611 2068 scriptores

540 2083 608 2133 ad
629 2083 927 2148 exemplum
941 2081 1335 2144 ditissimorum,
1352 2079 1612 2131 Licinium

541 2167 600 2212 et
623 2161 863 2211 Crassum
899 2160 1184 2222 nominant,
1219 2162 1280 2208 nt
1301 2164 1359 2208 et
1376 2157 1461 2207 hic
1483 2158 1612 2208 Per-

541 2239 664 2290 sius.
729 2239 838 2288 Per
877 2237 1076 2301 Campos
1116 2235 1317 2298 licinii,
1344 2240 1610 2285 vetustum

545 2316 791 2381 intelligit
826 2314 1079 2365 Licinium
1114 2313 1402 2375 Stolonem,
1424 2312 1513 2377 qui
1540 2311 1611 2361 ob

545 2406 784 2458 possessa
825 2407 942 2443 cum
981 2390 1088 2440 filio
1132 2390 1240 2454 agri
1284 2390 1474 2454 jugera
1528 2389 1611 2439 cla

543 2469 820 2519 damnatus
843 2476 956 2520 est:
1009 2468 1145 2519 sicut
1166 2482 1262 2532 per
1296 2469 1424 2517 oedes
1447 2466 1614 2516 Crassi

543 2561 675 2612 opes
708 2548 1019 2599 denotantur
1057 2547 1196 2596 illius
1231 2546 1424 2608 Crassi,
1457 2559 1614 2610 quem

546 2629 771 2675 testatur
812 2625 868 2674 in
902 2624 1015 2674 vita
1051 2623 1381 2686 Plutarchus,
1415 2620 1613 2672 crebris

545 2703 813 2753 domorum
850 2701 1198 2767 emptionibus
1221 2716 1283 2751 ac
1302 2698 1615 2750 venditioni-

544 2780 662 2842 bus,
698 2780 937 2844 ingentes
981 2776 1281 2843 quaesivisse
1323 2776 1423 2827 sibi
1466 2790 1613 2841 opes.

549 2853 1012 2920 Combe-Crassi]
1036 2853 1141 2905 Alii
1165 2854 1333 2903 Croesi.
1368 2854 1457 2904 De
1474 2851 1615 2902 Mar-

545 2946 611 2982 co
635 2932 823 2982 Crasso
844 2930 1009 2981 divite
1030 2930 1440 2994 intelligendum.
1507 2928 1616 2978 Alii

545 3008 806 3060 Licinium
863 3009 1102 3059 Crassum
1156 3005 1472 3071 intelligunt,
1523 3004 1614 3070 qui

545 3086 758 3151 negavit
778 3099 1071 3152 quenquam
1107 3097 1226 3134 esse
1246 3082 1481 3147 divitem,
1511 3082 1614 3132 uisi

547 3163 639 3230 qui
674 3164 933 3228 integrum
966 3162 1257 3212 exercitum
1293 3174 1388 3225 per
1423 3174 1613 3211 annum

546 3240 655 3292 suis
694 3240 947 3292 sumtibus
1002 3239 1167 3304 possit
1212 3238 1375 3302 alere,
1427 3244 1489 3288 ut
1540 3238 1616 3288 sit

544 3317 712 3382 figura
732 3316 784 3367 ἓν
797 3316 874 3367 διὰ
892 3319 1034 3366 δυοῖν.
1097 3314 1272 3367 Labie.

611 3398 676 3446 8⁷
712 3393 998 3457 ΗΜΛ-0.]
1035 3393 1176 3442 Vota
1197 3391 1615 3442 muliercularum

544 3479 602 3524 et
624 3474 913 3523 vetularum
937 3486 1030 3536 pro
1051 3470 1230 3520 liberis
1259 3476 1317 3519 et
1341 3468 1617 3533 nepotibus

549 3550 652 3600 suis
687 3550 849 3600 stulta
886 3556 941 3599 et
978 3548 1210 3608 ridicula,
1245 3555 1304 3597 ut
1343 3552 1523 3610 gratus
1557 3551 1616 3596 et

544 3628 798 3679 formosus
820 3627 1032 3689 evadat,
1051 3625 1183 3675 adeo
1206 3631 1266 3675 ut
1283 3638 1434 3689 reges
1454 3623 1614 3675 etiam

543 3706 660 3771 ejus
677 3705 1004 3757 adfinitatem
1030 3703 1269 3752 certatim
1299 3701 1616 3752 ambiant.--

550 3783 752 3848 Puelloe]
803 3784 884 3832 De
923 3782 1012 3832 illo
1048 3780 1255 3842 litigent
1300 3784 1359 3829 et
1399 3784 1615 3830 conten·

545 3859 693 3912 dant.
760 3860 934 3910 min.

514 3963 519 3968 ·
610 3939 678 3988 38
700 3935 937 4002 Raptam]
960 3936 1188 3999 Propter
1210 3930 1613 3997 pulcritudinem

540 4021 617 4066 et·
642 4016 879 4079 gratiam,
917 4009 1304 4076 ut'Ganymedi
1339 4015 1394 4059 et
1427 4009 1613 4058 Boreae

543 4090 1114 4155 contigit—Quicquid
1152 4084 1428 4148 calcaverit]
1463 4083 1613 4134 Adeo

455 4193 459 4198 v
544 4168 721 4217 omnia
755 4166 1018 4217 desideria
1041 4173 1096 4215 et
1118 4163 1355 4215 Charites
1386 4176 1503 4211 eum
1527 4175 1614 4212 co·

546 4244 821 4307 nitentur,
857 4248 916 4293 ut
956 4242 1046 4292 ubi
1085 4241 1167 4290 vel
1204 4240 1391 4305 pedem
1424 4238 1617 4307 fixerit,

542 4318 794 4372 continuo
812 4317 939 4372 inde
960 4317 1111 4370 violoe
1129 4323 1188 4368 et
1209 4330 1343 4368 rosa
1365 4327 1617 4367 enascan-

1223 394 1445 448 Nova
1486 391 1894 446 vamonmt
1939 392 2022 446 nt

1675 544 1783 591 tur.
1846 538 1946 590 Est
1976 531 2366 604 hyperbolicum
2406 538 2586 585 votum
2624 547 2743 584 cum

1675 614 1969 683 proverbio,
1988 628 2094 681 quo
2132 617 2368 664 extrema
2387 610 2614 666 felicitas
2644 611 2744 675 sig-

1675 694 1939 746 nificetur.
2004 693 2155 743 Idem.

1742 776 1809 824 89
1838 772 1953 835 Aut,
1968 768 2079 840 ξω]
2111 766 2441 834 Apostrophe
2475 773 2532 817 et
2567 766 2750 832 appel-

1676 849 1805 902 latio
1840 848 1907 900 ad
1939 849 1975 901 J
1981 863 2129 899 ovem
2166 843 2537 909 indignationis
2573 844 2748 908 plena,

1680 944 1785 995 qua
1820 927 1988 979 delira
2018 923 2311 991 hujusmodi
2348 929 2476 973 vota
2507 928 2626 972 rata
2646 935 2749 970 non

1676 1020 1795 1056 esse
1838 1004 2037 1055 debere
2077 1003 2236 1055 docet
2279 1015 2347 1051 ex
2395 998 2751 1054 dissimilibus.

1680 1081 1862 1132 Labia.
1927 1082 2009 1132 Eo
2046 1077 2360 1146 significans,
2397 1091 2500 1127 nou
2535 1075 2635 1126 nisi
2673 1090 2753 1126 sa·

1680 1158 2027 1225 pientissimos
2079 1156 2217 1208 viros
2253 1153 2435 1204 orandi
2480 1152 2752 1203 scientiam

1681 1241 1881 1287 tenere.
1950 1232 2434 1294 Causa—Negata,
2465 1230 2574 1295 &ot-J
2605 1228 2753 1279 Prae-

1680 1313 1860 1364 sertim
1879 1326 1998 1363 cum
2016 1311 2155 1362 bona
2191 1323 2295 1359 uon
2322 1314 2495 1373 petat,
2514 1305 2609 1357 sed
2632 1321 2754 1358 cum
2855 1372 2863 1378 ·

1680 1391 1823 1442 illius
1867 1387 2007 1453 εὔχαὶ
2050 1387 2175 1453 ὅραι,
2218 1387 2303 1436 vel
2342 1400 2458 1435 cum
2503 1398 2609 1435 non
2648 1383 2755 1434 sint

1682 1483 1884 1535 preces,
1928 1468 2021 1519 sed
2066 1465 2469 1532 imprecationes
2512 1472 2569 1515 et
2606 1463 2758 1515 dira.

1682 1545 2043 1597 mim—Non
2082 1542 2276 1608 maudo]
2324 1541 2509 1594 Verbo.
2528 1556 2652 1592 usus
2673 1546 2757 1592 est

1684 1624 2002 1689 aruspicum,
2018 1637 2137 1673 cum
2162 1621 2239 1671 eis
2260 1620 2486 1670 diciturt
2522 1619 2539 1648 ‘
2558 1618 2755 1672 Mando

1685 1698 1803 1764 tibi,
1853 1705 1915 1750 ut
1965 1698 2243 1748 maximum
2295 1696 2481 1748 Jovem
2543 1693 2760 1745 audias?

1684 1774 1764 1826 Ut
1800 1774 2231 1842 quemadmodum
2264 1771 2643 1837 procurationis
2676 1783 2758 1820 as-

1684 1852 1845 1903 sertio
1880 1850 1958 1911 fit,
2001 1852 2078 1902 ita
2112 1849 2205 1901 fiat
2241 1857 2299 1901 et
2332 1849 2387 1898 in
2416 1847 2592 1913 sacris,
2622 1853 2680 1897 ct
2699 1847 2758 1897 in

1685 1942 1863 1995 prece.
1936 1927 2045 1979 Vet.
2070 1926 2184 1980 Sela.

1766 2011 1832 2060 40
1901 2006 2150 2071 Quamvis,
2195 2004 2302 2072 ξω]
2368 2004 2617 2058 Quamvis
2670 2005 2758 2055 vel

1683 2083 1910 2135 maxime
1955 2083 2201 2148 religiosa
2249 2089 2308 2133 et
2349 2082 2573 2147 solicita,
2613 2096 2759 2132 more

1686 2160 2090 2213 sacrificantium
2108 2159 2344 2211 candidis
2353 2159 2584 2209 vestibus
2602 2172 2760 2223 opem

1686 2245 1828 2290 tuam
1848 2238 2156 2304 implorarit.
2219 2236 2393 2287 Prisci
2414 2236 2468 2286 in
2487 2234 2762 2286 sacrificiis

1683 2315 1909 2367 candida
1930 2322 2078 2366 veste
2101 2313 2403 2365 utebantur.
2471 2313 2649 2364 Dubia.

1750 2396 1813 2445 41
1873 2392 2056 2456 Poscis,
2094 2390 2200 2456 θα]
2257 2390 2612 2456 Reprehendit
2659 2392 2761 2442 huc

1688 2484 1852 2536 usque
1872 2468 2034 2534 impia
2053 2469 2458 2519 hominumvota
2478 2473 2534 2518 et
2556 2467 2762 2538 illicita.

1687 2547 1939 2612 Exagitet
1947 2546 2058 2611 jam
2076 2547 2238 2596 stulta
2255 2552 2379 2596 vota
2396 2544 2765 2608 Romanorum,
2821 2574 2854 2598 ,.

1685 2626 1778 2691 qui
1799 2638 1892 2675 sua
1911 2622 2319 2688 intemperantia
2350 2622 2486 2673 votis
2508 2620 2766 2687 officiant,

1689 2703 1780 2769 qui
1803 2703 1990 2755 bonam
2009 2703 2386 2766 valetudinem,
2402 2701 2560 2754 robur
2576 2708 2633 2754 et
2652 2692 2766 2755 lon-

1688 2796 1807 2846 gam
1853 2782 2011 2831 vitam
2051 2796 2082 2831 a
2124 2779 2242 2830 Diis
2289 2779 2561 2844 petebant,
2606 2794 2763 2844 quam

1686 2858 1858 2908 nimiis
1876 2858 2041 2924 epulis
2058 2857 2159 2908 sibi
2177 2857 2273 2921 ipsi
2290 2856 2563 2908 tollebant.
2594 2857 2765 2909 Quasi

1689 2934 1863 2996 dicat:
1915 2933 2189 2988 Quomodo
2229 2939 2406 2998 potest
2449 2932 2578 2982 illud
2615 2933 2764 3002 Deus
2793 2979 2804 2992 ,

1688 3011 1835 3074 dare,
1852 3012 1989 3078 quod
2024 3018 2082 3061 tu
2118 3023 2215 3075 per
2234 3024 2481 3060 summam
2501 3010 2765 3062 luxuriam
2791 3003 2798 3012 ⁴

1687 3089 1920 3154 prodigis
1940 3086 2202 3153 t—opem]
2265 3085 2552 3150 Auxilium,
2600 3086 2766 3139 robur

1688 3172 1745 3216 et
1796 3164 2171 3216 firmitudinem
2223 3163 2767 3230 caputia—Nereis]

1690 3241 1964 3305 Membris,
1984 3240 2171 3306 quibus
2193 3240 2272 3290 vis
2306 3246 2363 3289 et
2394 3238 2555 3289 robur
2576 3251 2762 3305 corpo·

1690 3318 1763 3368 ris
1803 3318 2136 3378 continetur3
2183 3315 2307 3366 inde
2352 3316 2625 3379 κυροῦσθαι
2662 3330 2763 3380 pro

1688 3394 2264 3458 firmari.—Corpasque,
2293 3393 2403 3458 δια]
2434 3391 2638 3444 Bonam
2674 3408 2762 3445 va·

1689 3470 1996 3533 letuainem,
2016 3486 2132 3536 quai
2174 3484 2242 3520 ne
2277 3470 2329 3519 in
2357 3476 2630 3521 senectute
2654 3470 2764 3538 qui·

1690 3549 1813 3599 dem
1835 3554 1891 3599 te
1907 3546 2149 3609 deserat3
2183 3546 2240 3597 id
2261 3552 2362 3612 est,
2385 3547 2549 3598 vitam
2569 3548 2764 3615 longae-

1691 3640 1828 3677 vam.
1894 3624 2047 3674 Idem.

1754 3706 1821 3753 42
1875 3702 2015 3765 Esto,
2049 3702 2162 3767 age]
2215 3698 2498 3751 Permissio
2542 3706 2602 3751 et
2637 3717 2763 3753 cou-

1689 3779 1871 3830 cessio.
1936 3778 2098 3831 Quasi
2137 3777 2312 3828 dicat:
2360 3776 2481 3830 Non
2519 3777 2764 3843 improbo

1690 3854 1843 3911 bona,
1862 3868 1980 3918 quae
1996 3860 2053 3906 tu
2074 3852 2284 3918 quidem
2298 3852 2411 3919 jam
2432 3851 2588 3916 petis·
2622 3853 2763 3906 Nam

1669 3934 1705 3994 .‘
1731 3931 2002 3982 Oraudum
2037 3937 2120 3980 est
2153 3935 2214 3980 ut
2253 3928 2322 3980 sit
2361 3944 2507 3979 mens
2546 3945 2674 3980 sana
2708 3931 2764 3980 in

1688 4023 1908 4072 corpore
1922 4004 2389 4071 sano.’-Sed,-ssc.]
2411 4006 2574 4058 Quasi
2590 4006 2736 4060 dicat,
2747 4026 2763 4058 z

1691 4086 1765 4136 Ut
1788 4084 1870 4133 vel
1894 4084 2114 4133 maxime
2148 4080 2244 4133 tibi
2284 4083 2446 4132 velint
2472 4083 2586 4134 haec
2624 4083 2765 4135 bona

1691 4163 1796 4213 Dei
1817 4161 1943 4212 boni
1964 4160 2165 4224 largiri,
2185 4170 2240 4209 et
2264 4168 2375 4210 tuas
2398 4173 2580 4224 preces
2602 4175 2763 4212 exau-

1690 4239 1825 4301 dire,
1836 4236 2093 4304 quomodo
2110 4244 2346 4302 possunt,
2362 4251 2476 4288 cum
2496 4244 2551 4287 tu
2572 4235 2762 4288 bonam

1690 4315 2064 4383 valetudinem,
2080 4328 2233 4381 quam
2255 4329 2391 4384 oras,
2426 4315 2550 4381 gula
2569 4320 2627 4365 et
2644 4329 2763 4372 cra-
