3084 4934
1130 412 1145 453 ι
1224 414 1504 466 sarias
1553 412 1686 467 1113·
1779 414 1792 435 ‘
2467 392 2575 468 w

326 560 804 631 Contemnere.
854 552 1103 629 ..Sonat
1125 563 1359 629 vitium
1386 582 1734 647 percussa,
1762 564 2047 648 maligne

348 663 742 749 Respondet
766 666 968 732 viridi
996 684 1129 733 non
1154 671 1350 733 cocta
1376 667 1605 732 fidelia
1631 668 1815 732 limo.

345 764 578 842 Udum
604 772 669 832 et
694 770 890 833 molle
917 770 1127 834 lutum
1155 762 1252 849 es,
1277 790 1454 835 nunc
1483 789 1659 835 nunc
1689 768 2173 855 properandum
2202 773 2269 834 et
2297 769 2438 835 acri
2465 764 2472 771 ’

348 868 728 953 Fingendus
756 872 899 936 sine
924 872 1052 936 fine
1077 877 1243 936 rota.
1330 871 1466 936 Sed
1494 892 1642 937 rure
1670 877 1951 956 paterno

347 971 470 1036 Est
495 974 621 1037 tibi
645 975 748 1038 far
774 974 1134 1052 modicum,
1160 994 1396 1059 purum
1424 980 1493 1040 et
1516 975 1662 1037 sine
1687 974 1844 1039 labe
1875 972 2180 1051 salinum,

341 1061 569 1163 (Quid
593 1080 846 1140 metuas
862 1073 928 1159 Q)
956 1077 1332 1161 cultrixque
1358 1077 1495 1140 foci
1527 1095 1764 1141 secura
1789 1075 2058 1160 patella.

348 1176 507 1242 Hoc
537 1179 705 1243 satis
723 1180 753 1242 ‘l
798 1198 884 1267 an
911 1178 1144 1244 deceat
1173 1179 1555 1263 pulmonem
1582 1199 1887 1263 rumpere
1915 1179 2154 1257 ventis»,

2277 1036 2286 1045 .
2466 973 2562 1039 25

353 1385 617 1452 Vasfietile
639 1386 804 1452 digito
823 1389 1062 1452 pulsatum
1082 1404 1191 1438 sono
1212 1389 1415 1438 ostendit
1435 1389 1689 1451 defectum,
1715 1395 1762 1438 et
1787 1395 2026 1440 excoctum
2053 1389 2232 1451 argilla
2257 1405 2350 1440 non
2382 1378 2563 1441 recenti

343 1452 503 1501 reddit
524 1452 756 1502 tinnitum
763 1451 999 1513 fractum.
1068 1455 1140 1503 Tu
1160 1469 1209 1503 es
1229 1456 1373 1504 velut
1397 1456 1537 1504 limus
1558 1456 1776 1504 humidus
1797 1460 1844 1504 et
1866 1454 2565 1532 tractabilisjwfiomfingen-

345 1517 449 1579 du,
469 1522 520 1566 et
553 1517 724 1580 absque
758 1517 1103 1568 intermissione
1123 1518 1410 1580 formandus
1446 1525 1557 1570 rota
1592 1521 1869 1571 vehementi.
1934 1523 2004 1570 At
2025 1535 2087 1568 ex
2108 1532 2227 1582 agro
2246 1525 2403 1582 potrus
2423 1521 2567 1571 haben

332 1579 634 1640 frumentum
654 1586 809 1645 tenue,
830 1589 877 1632 et
893 1599 977 1632 vus
991 1585 1106 1633 salis
1126 1587 1346 1633 mundum
1360 1586 1461 1633 sine
1482 1583 1689 1646 defectu.
1750 1585 1986 1641 Quidnam
2009 1583 2211 1636 timens?
2233 1586 2398 1634 Habes
2419 1587 2566 1636 etiam

339 1647 557 1710 patinam
587 1651 742 1697 tutam
778 1648 955 1698 camini
993 1650 1310 1700 exculti-icem.
1377 1650 1565 1700 Illudne
1600 1647 1809 1717 sufficit?
1841 1650 1924 1702 Δπ
1956 1651 2173 1700 decorum
2204 1650 2293 1700 est‘
2298 1653 2565 1714 pulmonem

1281 1777 1429 1797 “950
1434 1776 1644 1797 “ub“

340 1850 570 1906 Beudum
590 1859 903 1919 respondem,-
937 1872 1087 1908 sonus
1108 1858 1328 1924 integrm
1348 1867 1404 1911 et
1426 1859 1555 1910 vitio
1577 1859 1805 1925 carentis
1828 1863 1980 1908 testae
2003 1864 2087 1909 est
2108 1855 2211 1920 ὀξὺς
2233 1856 2309 1906 καὶ
2330 1857 2483 1923 τορὸς,
2507 1842 2569 1908 ut

345 1920 538 1971 dicitur
564 1922 618 1971 in
642 1922 945 1972 Graecorum
966 1925 1348 1974 commentariis
1389 1925 1457 1974 de
1493 1932 1550 1975 r'e
1590 1925 1787 1974 rustica
1804 1937 1882 1974 vr.
1905 1928 1955 1972 ὃ.
1979 1931 2034 1972 at
2068 1930 2226 1987 rupta
2249 1930 2389 1973 testa
2413 1930 2565 1973 sonat

345 1987 711 2049 maligne‚hoc
732 1994 815 2037 est
838 2003 1052 2052 parvum
1077 2003 1289 2051 sonum3
1324 1990 1398 2039 sic
1430 1991 1558 2038 ‘lux
1589 1988 1828 2054 maligna’
1872 1989 2010 2052 apud
2044 1989 2339 2052 Virgilium.
2390 1989 2571 2037 Casan·

345 2049 451 2102 bon.
483 2052 798 2118 Tautologia
821 2053 1200 2117 quodammodo
1243 2055 1463 2118 tollitur,
1495 2055 1539 2104 si
1577 2069 1694 2104 cum
1741 2054 2046 2104 casaubono
2091 2053 2221 2115 legis
2259 2054 2572 2116 respondem.-

344 2130 525 2167 verum
550 2117 664 2181 ipso
687 2119 896 2180 maligne
914 2120 1197 2182 respondeus
1217 2116 1385 2183 frigus
1422 2119 1635 2185 aliquod
1659 2118 1920 2169 inducitur
1940 2119 2077 2182 loco,
2096 2117 2184 2182 qui
2204 2117 2375 2167 forsan
2413 2131 2570 2176 sanus

350 2196 450 2229 non
472 2189 588 2231 εον.
625 2182 774 2247 cujus
806 2192 979 2232 tamen
1017 2184 1279 2233 medicina
1316 2199 1419 2234 non
1461 2186 1657 2248 absque
1696 2184 1850 2233 codd.
1892 2185 2021 2234 Mss.
2058 2182 2309 2232 tentanda
2347 2182 2572 2232 videtur.

346 2244 752 2310 Remigium—23
786 2250 936 2298 lutum
971 2253 1041 2298 est
1074 2249 1180 2298 Ms.
1215 2251 1409 2300 R.—25
1444 2254 1492 2299 et
1532 2264 1707 2314 purum
1738 2248 1845 2298 Ms.
1879 2249 2128 2300 Gale—26
2161 2247 2374 2297 Planior
2412 2247 2571 2298 lectio

1351 2378 1570 2430 NOTAE

411 2478 473 2524 21
515 2475 847 2540 Contemnere]
881 2478 1135 2531 Quoniam
1171 2478 1296 2527 nibil
1319 2475 1424 2528 affi-

352 2550 425 2601 cit
445 2553 683 2603 homines
718 2553 881 2618 magis
915 2570 1067 2620 quam
1101 2561 1423 2617 contemtus3

358 2628 493 2680 bunc
520 2629 695 2697 etiam·
713 2628 899 2695 juveni
935 2646 1136 2693 moroso
1171 2631 1349 2696 objicit
1372 2637 1427 2683 et

350 2706 582 2757 minatur
605 2708 833 2771 prudens
857 2707 1120 2771 magister.

413 2784 566 2835 Sonat
588 2782 783 2847 vitium]
818 2785 990 2849 Urget
1013 2800 1108 2850 per
1132 2783 1423 2834 similitudi·

350 2858 489 2910 nem.
556 2861 705 2910 Sicut
727 2860 918 2910 tinnitu
941 2876 1097 2911 rauco
1120 2868 1176 2911 et
1198 2861 1423 2911 absurdo

352 2937 688 3002 cognoscitur
730 2937 859 2986 vasis
899 2935 1157 3003 defectus,
1195 2953 1313 2988 cum
1350 2936 1425 2986 di-

359 3013 468 3077 gito
491 3013 814 3079 percutitnr:
851 3013 926 3063 sic
966 3021 1024 3063 tu
1060 3029 1178 3063 cum
1203 3029 1233 3063 a
1255 3028 1337 3063 me
1359 3014 1425 3064 ad

352 3091 568 3140 meliora
607 3091 862 3154 incitaris,
896 3098 952 3142 et
993 3087 1138 3156 quasi
1179 3091 1428 3156 tangeris,

355 3170 572 3220 exhibes
590 3170 746 3220 animi
764 3171 947 3221 vitium
965 3178 1021 3221 et
1046 3186 1257 3236 pravam
1275 3169 1431 3221 affec·

358 3245 570 3298 tionem.

419 3324 644 3386 Mazigne
672 3325 941 3389 respondet]
975 3326 1306 3377 Contrarium
1330 3335 1431 3392 est,

355 3399 571 3450 Solidum
585 3406 765 3466 erepat,
784 3403 921 3468 quod
944 3402 1228 3454 videbimus
1246 3404 1360 3455 Sat.
1377 3419 1428 3455 ν.

365 3486 373 3494 ·
420 3480 485 3526 23
504 3485 509 3489 ·
527 3477 683 3526 Udum
718 3482 765 3526 et
802 3479 939 3528 molle
962 3480 1112 3528 lutum
1134 3480 1204 3544 es]
1256 3479 1431 3531 Instat

358 3555 610 3618 magister
631 3571 646 3604 z
680 3561 911 3605 attamen
933 3556 1031 3606 bac
1055 3565 1212 3607 aetate
1236 3573 1338 3623 qua
1359 3574 1431 3623 es,

358 3635 511 3694 potes
547 3631 809 3681 emendari
840 3633 962 3682 dum
998 3640 1149 3685 tener
1191 3650 1265 3699 es,
1290 3645 1345 3687 et
1377 3637 1431 3686 in

362 3708 545 3758 melius
566 3706 783 3759 formari
804 3725 865 3758 ac
888 3709 1049 3774 fingi3
1082 3712 1124 3760 si
1157 3712 1310 3762 modo
1347 3728 1434 3778 ge·

360 3776 476 3833 rere
505 3784 630 3835 m‘ihi
664 3801 857 3835 morem
895 3788 1140 3850 volueris,
1177 3795 1233 3838 et
1256 3789 1432 3839 subire

359 3858 687 3924 disciplinam
708 3862 836 3913 licet
860 3877 922 3911 ea
946 3862 1044 3913 tibi
1067 3863 1238 3929 prima
1257 3864 1433 3917 fronte

364 3936 496 3986 acris
513 3943 568 3987 et
592 3952 779 4002 aspera
797 3938 1055 3989 videatur.

428 4014 571 4065 Nunc
590 4016 739 4079 nunc]
789 4017 854 4068 Id
892 4026 992 4082 est,
1030 4019 1183 4072 modo
1224 4028 1281 4071 et
1320 4022 1433 4071 sine

365 4106 525 4157 mora,
545 4092 664 4142 dum
689 4094 856 4145 adbuc
871 4095 1081 4160 juvenis
1106 4097 1183 4161 es3
1204 4114 1265 4149 ac
1292 4100 1436 4149 velut

367 4182 486 4219 cera
523 4185 615 4219 seu
664 4177 800 4222 testa
839 4174 1027 4241 mollis,
1059 4176 1435 4242 cujuscumque

369 4242 547 4297 formae
569 4260 756 4312 capax.

429 4325 493 4377 24
526 4322 679 4387 Rata]
698 4323 995 4390 Figulinum
1018 4330 1102 4377 est
1124 4298 1441 4381 inminen-

1504 2483 1616 2528 tum
1644 2477 1709 2528 ab
1747 2474 2054 2543 Anacharsi,
2090 2481 2226 2527 teste
2267 2475 2460 2538 Plinio,
2499 2473 2574 2524 in-

1507 2561 1738 2619 ventum,
1759 2570 1863 2620 quo
1885 2553 2206 2607 circumacto
2241 2553 2426 2604 fictilia
2447 2566 2574 2602 vasa

1505 2630 1786 2695 finguntur.
2563 2624 2576 2639 ’

1574 2709 1671 2760 Sed
1706 2723 1816 2758 rure
1850 2705 2076 2772 paterno]
2128 2703 2413 2770 Prolepsis.
2481 2702 2577 2767 At,

1505 2782 1728 2851 inquies,
1751 2784 1878 2850 quid
1917 2798 2047 2848 opus
2090 2797 2174 2832 me
2215 2781 2477 2831 laboribus
2514 2795 2575 2831 ac

1504 2863 1692 2927 vigiliis
1715 2861 1956 2927 fatigare,
1991 2874 2109 2910 cum
2147 2858 2337 2924 possim
2365 2857 2577 2907 beatam

1504 2955 1567 2990 ac
1590 2939 1921 3005 tranquillam
1958 2936 2120 2987 vitam
2159 2949 2332 3000 agere,
2359 2940 2576 2984 contens

1508 3021 1593 3065 tus
1619 3013 1780 3078 partis
1798 3013 1898 3063 etsi
1920 3009 2265 3061 mediocribus
2288 3008 2516 3059 divitiis?
2565 3074 2574 3081 ἢ

1574 3095 1637 3140 25
1675 3090 1778 3139 Far
1815 3086 2069 3151 modicum]
2103 3086 2376 3137 Sufficiens
2411 3083 2578 3137 form»

1507 3183 1593 3233 na,
1615 3162 1742 3218 licet
1761 3166 1978 3216 modica.

1576 3245 1783 3309 Parum]
1811 3243 1917 3292 Seu
1960 3241 2203 3291 mundum
2243 3247 2302 3291 et
2337 3239 2578 3304 nitidum,

1508 3336 1599 3371 seu
1624 3321 1895 3385 quoesitum
1914 3319 2024 3369 sine
2049 3319 2187 3369 dolo.

1578 3386 1816 3460 Setinum]
1852 3396 1959 3445 Pro
1984 3395 2218 3460 qualibet
2246 3395 2581 3459 supellectili.

1576 3481 1643 3526 26
1679 3476 1963 3540 Cultu-imque
1992 3473 2120 3539 foci]
2163 3474 2230 3524 In
2270 3473 2387 3525 foco
2420 3476 2581 3525 Lares

1512 3544 1834 3603 colebantur.

1520 3631 1527 3639 '
1577 3629 1754 3680 Secura
1785 3630 1985 3697 patella]
2025 3628 2234 3691 Patella,
2273 3644 2364 3678 vas
2406 3644 2436 3679 e
2479 3643 2582 3696 quo

1509 3704 1783 3756 libationes
1800 3706 1916 3756 Diis
1933 3705 2149 3754 Laribus
2170 3703 2235 3752 ad
2257 3702 2427 3755 focum
2451 3704 2587 3755 fere'-

1514 3783 1707 3835 bantur
1728 3803 1743 3846 ;
1767 3799 1948 3847 secura,
1964 3781 2087 3848 quia
2105 3782 2419 3834 domesticos
2441 3785 2584 3833 Deos

1511 3862 1752 3927 religiose
1787 3861 1961 3910 colens
1999 3859 2299 3924 praesidium
2337 3859 2402 3910 ab
2436 3860 2497 3911 iis
2529 3867 2586 3927 et

1514 3937 1857 4002 patrocinium
1882 3934 1979 3984 sibi
2002 3934 2300 3998 pollicetur.
2563 3942 2568 3949 ’

1580 4019 1645 4064 27
1670 4015 1779 4064 Hoc
1799 4012 1941 4076 sutis]
1976 4010 2192 4062 Refenit
2207 4012 2454 4077 magister
2477 4013 2584 4064 dic-

1521 4097 1578 4140 ta
1601 4089 1857 4155 discipuli.

1583 4168 1862 4217 Pulmonem
1897 4163 2135 4228 rumpere]
2181 4164 2303 4213 Prae
2347 4167 2590 4232 superbia

1519 4250 1576 4295 et
1615 4243 1785 4293 fastu:
1823 4242 1889 4291 ob
1926 4240 2252 4291 nobilitatem
2285 4247 2342 4292 et
2376 4257 2589 4294 censum
2621 4242 2626 4248 '

1519 4336 1680 4387 supra
1700 4319 1908 4372 modum
1930 4324 1986 4368 et
2006 4317 2186 4383 inepte
2206 4314 2394 4369 inflari.
