3084 4934
406 387 615 464 ‘1611

1247 404 1318 454 A.
1370 381 1615 454 Pnnsn
1667 404 1933 456 succi

481 548 765 634 Intepet,
793 548 1238 634 hybernatque
1269 567 1488 613 meum
1515 566 1723 638 mare,
1755 570 1893 634 qua
1917 550 2098 616 latus
2125 550 2359 635 ingens

481 651 668 717 Dant
695 651 982 734 scopuli,
1011 655 1078 716 et
1104 650 1307 716 multa
1334 651 1523 716 littus
1552 672 1626 716 se
1653 653 1827 716 valle
1856 658 2173 738 receptat,

483 748 704 815 Lunai
728 764 978 834 portum
1008 764 1089 816 est
1121 775 1315 837 operae
1346 776 1726 841 cognoscere,
1757 755 1932 818 cIves.

481 852 618 919 Cor
636 854 828 939 jubet
856 856 985 920 hoc
1018 855 1213 934 Enni,
1242 862 1603 941 postquam
1632 857 1979 923 destertuit
2005 877 2153 922 esse

480 1054 700 1105 trernitas
720 1055 954 1122 Lagaria,
974 1063 1024 1109 et
1044 1074 1198 1110 meum
1217 1074 1347 1111 mare
1363 1066 1436 1111 est
1457 1061 1510 1110 in

479 1126 529 1171 et
548 1136 632 1170 ora
651 1136 751 1171 sese
770 1124 955 1187 colligit
977 1125 1228 1189 mutiplici
1246 1128 1468 1176 convalle.
1527 1060 1592 1177 'g

2613 817 2697 924 lo

1594 1060 1763 1126 hemis,
1777 1059 1860 1110 ubi
1875 1072 2017 1124 rupes
2029 1060 2318 1124 protendunt
2332 1058 2540 1121 amplum
2560 1057 2706 1121 latus,¹

1619 1127 1762 1189 cives,
1782 1127 1926 1188 juvat
1947 1140 2080 1174 nosse
2097 1129 2284 1188 portum
2310 1124 2476 1173 Luuoe.
2546 1123 2698 1173 Ennii

478 1201 561 1235 cor
581 1187 634 1235 id
648 1188 886 1253 prm-ipit,
901 1196 1203 1259 posteaquam
1223 1192 1368 1242 desiit
1388 1194 1623 1242 somniare
1656 1208 1712 1242 se
1735 1207 1832 1241 esse
1851 1191 2141 1241 Moeonidem
2178 1188 2416 1246 Quintum
2432 1204 2494 1238 ex
2517 1202 2704 1253 pavone,

1411 1335 1465 1355 θ’
1472 1335 1646 1355 “Ob“
1652 1335 1770 1354 ‘CO‘

477 1435 577 1480 —9
611 1429 696 1480 Sic
734 1430 872 1481 Edd.
912 1433 1181 1497 plurimae:
1218 1441 1275 1486 at
1312 1436 1550 1502 quadam
1583 1437 1779 1488 hahent
1820 1437 1982 1490 Lunai
1997 1436 2228 1501 pretium.
2291 1433 2553 1497 cognoscite
2571 1433 2698 1483 C.—

1482 1564 1697 1615 NOTAE

480 1653 656 1719 tingit,
700 1671 816 1706 cum
859 1664 1003 1708 motu
1048 1665 1206 1725 atque
1265 1661 1550 1726 agitatione

479 1735 835 1786 recalescunt!

546 1810 800 1875 Hybernat
822 1812 974 1877 mare]
1030 1815 1108 1865 Ut
1128 1814 1242 1865 fieri
1271 1818 1403 1866 solet
1427 1818 1551 1882 hye-

480 1901 585 1947 me,
627 1890 937 1941 concitatur.
1003 1891 1195 1943 Horat.
1234 1895 1346 1944 Sat.
1388 1908 1454 1944 11.
1497 1899 1549 1945 2.

480 1963 497 1991 ‘
518 1963 824 2017 Defendens
882 1969 1049 2032 pisces
1101 1971 1315 2034 hyemat
1371 1971 1552 2022 mare!

477 2041 700 2094 Veteres
724 2046 941 2111 Glossae,
963 2048 1017 2097 id
1049 2053 1147 2113 est,
1178 2050 1377 2114 ‘saevit‚
1400 2051 1484 2100 vel
1519 2064 1551 2099 a

477 2120 696 2190 navigiis
722 2132 892 2174 vacat.
947 2125 1094 2175 Sicut
1119 2127 1256 2176 enim
1279 2143 1436 2177 naves
1457 2129 1551 2193 hy-

478 2195 700 2247 bernare
745 2200 995 2263 dicimus;
1030 2202 1103 2252 sic
1147 2208 1202 2252 et
1234 2219 1394 2268 mare,
1432 2219 1551 2254 cum

476 2283 582 2321 non
626 2275 931 2339 navigatur!
996 2277 1154 2343 Apud
1192 2280 1469 2345 vegetium
1513 2283 1552 2331 l.

476 2359 555 2398 lv.
579 2343 826 2402 dicuntur
856 2355 1026 2403 claudi
1064 2357 1225 2407 maria
1260 2358 1326 2408 ab
1364 2358 1551 2409 Idibus

478 2424 787 2477 Novembris
820 2428 886 2478 ad
926 2430 1054 2481 Idus
1076 2433 1318 2497 Martia,
1337 2440 1429 2484 aut
1452 2435 1552 2484 cir-

479 2498 633 2550 citer.
1358 2507 1366 2516 '

546 2576 714 2627 Meum
734 2580 888 2645 mare]
956 2583 1020 2634 Id
1059 2592 1155 2651 est,
1187 2588 1434 2653 patrium,
1457 2605 1549 2640 seu

476 2649 756 2707 Etruscum
797 2673 961 2723 mare,
999 2664 1193 2729 quippe
1228 2680 1346 2716 cum
1379 2669 1549 2717 oriun-

478 2729 575 2780 dus
614 2739 754 2784 esset
790 2734 1002 2788 Persius
1027 2740 1312 2793 Volaterris
1351 2744 1548 2809 oppido

476 2803 765 2861 Hetruriae.

546 2885 656 2942 Qua
677 2890 801 2939 lam
820 2892 990 2955 ingens
1005 2895 1123 2945 dant
1153 2895 1355 2963 scopuli]
1420 2895 1552 2948 Loci

477 2960 781 3029 descriptio.
872 2970 1088 3022 Scilicet
1142 2975 1440 3037 prominent
1495 2976 1552 3025 in

475 3053 620 3090 mare
643 3045 845 3108 scopuli
882 3061 975 3095 seu
1014 3062 1170 3113 rupes
1208 3051 1552 3116 multiplices,

477 3122 534 3165 et
556 3123 759 3168 montes
783 3122 980 3171 excelsi
1010 3124 1173 3174 Lunae
1210 3132 1420 3189 portum
1452 3128 1553 3178 cir-

471 3192 886 3247 cumcludentes,
917 3189 1129 3263 Strabo,
1149 3200 1184 3265 1,
1208 3215 1264 3251 v.
1295 3202 1384 3253 Sic
1399 3203 1552 3269 Virg.

474 3265 592 3319 AEn.
633 3283 713 3322 lx.
763 3274 912 3326 ‘Qua
954 3290 1011 3325 se
1054 3278 1348 3331 subducere
1390 3282 1550 3333 eolles

472 3331 783 3413 1ncipiunt,’
800 3353 898 3401 &c.

540 3421 574 3469 8
607 3421 776 3473 Multa
796 3425 937 3476 littus
957 3443 1007 3478 se
1027 3429 1147 3480 valle
1162 3433 1395 3498 receptat]
1415 3435 1422 3442 '
1445 3431 1551 3485 Ubi

474 3496 639 3547 sinum
663 3498 797 3551 fecit
819 3507 1019 3571 natura,
1041 3513 1097 3557 et
1119 3506 1377 3560 deflexum
1401 3511 1551 3564 littus

472 3571 529 3623 in
568 3571 787 3630 formam
828 3581 991 3633 Lunae
1030 3592 1310 3649 curvatum
1344 3603 1554 3640 nomen·

475 3661 581 3720 quc
616 3654 739 3705 inde
778 3657 973 3711 datum.
1042 3661 1211 3713 Porro
1246 3662 1408 3715 Lunae
1429 3680 1552 3730 por·

473 3733 580 3795 tus,
601 3738 662 3781 ut
684 3733 760 3785 ait
779 3735 990 3802 Strabo,
1010 3738 1130 3790 loco
1148 3740 1328 3808 citato,
1347 3742 1551 3809 amplus

471 3807 626 3857 valde
649 3813 705 3859 et
728 3826 914 3878 capax,
951 3816 1141 3865 multos
1177 3816 1316 3869 intra
1354 3834 1409 3868 se
1433 3834 1553 3888 pqr-

470 3887 559 3940 tns
577 3886 917 3951 amplectitur
947 3906 1146 3957 magnae
1171 3893 1551 3959 profunditatis

474 3960 764 4028 universos,
784 3966 916 4017 adeo
938 3973 1000 4018 ut
1021 3970 1251 4020 omnium
1272 3973 1360 4040 qui
1391 3973 1551 4025 maris

472 4039 695 4092 teneant
736 4044 1030 4114 imperium,
1077 4045 1249 4103 facile
1279 4049 1432 4105 fieret
1468 4068 1552 4104 re·

475 4117 826 4180 ceptaculum.

506 4271 519 4282 ο
541 4197 575 4244 9
606 4193 769 4249 Lunai
785 4201 998 4269 portum]
1062 4203 1221 4258 Lunai
1248 4221 1346 4273 per
1366 4205 1550 4258 diaere-

475 4279 594 4342 mm,
636 4291 736 4346 pro
782 4277 951 4334 Luna».
1034 4279 1120 4337 Sic
1152 4279 1355 4351 *virgil*
1386 4284 1549 4354 aquai,

1627 1661 1776 1725 aulai,
1804 1662 1980 1727 pictai,
2014 1669 2068 1711 et
2091 1661 2176 1710 alii
2201 1659 2570 1726 diphthongum
2600 1631 2699 1707 sol-⁵

1626 1744 1831 1788 ventes.
1897 1739 2041 1787 Luna
2084 1737 2208 1787 urbs
2254 1735 2520 1785 Hetruriae
2568 1733 2700 1794 anti-3

1597 1814 1892 1879 ‘quissima‚
1949 1815 2002 1863 in
2052 1811 2281 1877 Liguriae
2339 1809 2586 1873 confinio,
2633 1807 2700 1865 ad

1628 1890 1765 1939 ostia
1786 1891 1984 1940 Macrae
2009 1886 2182 1938 fluvii:
2222 1886 2306 1940 cui
2327 1887 2380 1936 in
2402 1883 2702 1950 Episcopali
2735 1907 2740 1912 ·

1627 1965 1885 2031 dignitate
1942 1965 2096 2015 modo
2152 1964 2408 2015 successit
2461 1963 2702 2025 Samarra,

1625 2059 1742 2109 quae
1784 2058 1919 2094 nova
1957 2043 2104 2092 Luna
2127 2041 2232 2091 dici
2270 2046 2466 2107 potest.
2537 2040 2699 2096 Lunae

1630 2134 1756 2169 vero
1779 2125 1962 2184 portus
2000 2123 2147 2168 certe
2180 2119 2453 2180 maximus,
2488 2133 2582 2167 seu
2616 2132 2703 2168 ve-

1627 2196 1734 2247 rius
1758 2198 1899 2247 sinus
1922 2196 2171 2261 Liguriae,
2205 2196 2343 2245 inter
2364 2199 2574 2260 portum
2597 2194 2703 2243 Ve-

1627 2273 1765 2324 neris
1781 2279 1834 2323 et
1853 2270 2064 2339 portum
2085 2273 2288 2338 Erycis),
2302 2271 2501 2321 ambitu
2519 2269 2705 2336 viginti

1629 2352 1792 2402 millia
1831 2366 2073 2416 passuum
2096 2356 2310 2415 patens:
2347 2347 2521 2414 hodie,
2561 2347 2704 2410 Golso

1628 2430 1753 2480 della
1776 2429 1993 2494 Spezzia,
2027 2428 2101 2478 sic
2139 2427 2499 2477 denominatus
2524 2425 2590 2477 ab
2614 2441 2703 2491 op-

1629 2505 1755 2569 pido
1778 2504 1981 2569 Spetia,
2000 2504 2138 2569 quod
2164 2504 2319 2553 situm
2340 2508 2420 2553 est
2442 2502 2497 2552 iu
2520 2501 2702 2551 intimo
2728 2533 2734 2549 τ

1629 2599 1855 2637 recessu.
1890 2585 2097 2634 Ferrar.
2122 2583 2286 2634 Celsis
2309 2580 2541 2647 undique
2562 2595 2704 2630 mon-

1625 2662 1769 2713 tibus
1787 2661 2235 2726 circumcingitur,
2259 2659 2348 2726 qui
2369 2659 2704 2724 prospectum

1626 2740 1784 2804 longe
1808 2739 1980 2804 pelagi
2021 2736 2320 2803 praebeant:
2357 2750 2476 2784 nam
2511 2738 2567 2783 et
2588 2732 2705 2782 Sar-

1628 2816 1784 2866 diniae
1830 2822 1888 2866 et
1942 2829 2132 2879 magna
2184 2812 2456 2877 utriusque
2509 2807 2706 2860 littoris

1626 2909 1746 2959 pars
1781 2893 2034 2945 cernitur.
2102 2889 2312 2941 Strabo.
2359 2887 2587 2939 Primum
2624 2880 2726 2950 op?

1623 2972 1793 3036 pidum
1839 2969 2110 3031 Hetruriae,
2158 2966 2315 3029 Luna,
2350 2967 2497 3029 portu
2537 2962 2706 3013 nobile.

1629 3048 1771 3098 Plin.
1797 3061 1886 3098 111.
1910 3052 1960 3096 5.
2002 3053 2057 3096 et
2095 3058 2215 3095 xur.
2252 3048 2301 3093 6.
2336 3042 2411 3092 ait
2445 3039 2706 3100 Lunensis

1628 3125 1753 3176 vina
1795 3124 2021 3190 palmam
2064 3120 2202 3171 ferre
2243 3120 2381 3169 inter
2422 3117 2704 3168 Hetrusca.

1630 3201 1945 3253 Celebratur
1984 3200 2143 3249 etiam
2184 3199 2425 3248 Lunense
2461 3207 2705 3258 marmor,

1629 3283 1667 3333 l.
1689 3295 1892 3332 xxxvl.
2688 3323 2695 3332 ‚

1699 3357 1794 3409 Est
1832 3373 2008 3423 operoe,
2048 3353 2155 3420 ξω]
2223 3349 2439 3418 supple,
2466 3350 2705 3417 pretium.-

1628 3435 1683 3486 id
1728 3441 1827 3500 est,
1873 3435 2003 3484 utile
2043 3437 2101 3482 et
2135 3429 2430 3495 jucundum
2477 3434 2559 3478 est
2596 3435 2705 3479 tam

1629 3527 1885 3563 amoenum
1909 3515 2090 3575 portus
2124 3507 2285 3560 Lunae
2310 3506 2468 3557 situm
2492 3518 2708 3570 cognos-

1629 3605 1771 3656 cere,
1814 3590 2033 3655 ejusque
2078 3583 2485 3649 descriptionem
2521 3589 2706 3647 petere

1630 3681 1698 3718 ex
1720 3665 1907 3731 Ennio,
1927 3680 2082 3731 quam
2105 3663 2158 3713 in
2177 3661 2369 3712 Annal.
2391 3660 2468 3711 sic
2490 3659 2703 3724 incipit:

1628 3744 1646 3773 ‘
1664 3743 1762 3795 Est
1784 3758 1960 3808 operae
1983 3739 2230 3807 pretium,
2253 3754 2285 3790 ο
2308 3739 2467 3802 cives,
2490 3749 2707 3800 coguos-

1629 3835 1752 3871 cere
1773 3825 1982 3885 portum
2005 3816 2208 3868 Lunae!
2685 3879 2696 3886 Δ

1695 3901 1759 3948 10
1798 3895 2041 3959 Coi-,jubet
2062 3895 2149 3945 Ῐιοο
2171 3891 2326 3958 Enni]
2397 3891 2461 3943 Id
2483 3895 2587 3955 est,
2601 3890 2702 3948 hoc

1629 3974 1775 4027 nobis
1798 3974 2028 4041 imperat
2061 3972 2260 4022 Ennius
2281 3971 2363 4020 vir
2384 3967 2628 4020 cordatus
2650 3973 2706 4018 et

1633 4051 1857 4118 sapiens.
1926 4049 2063 4102 Nam
2085 4063 2175 4099 cor
2191 4044 2453 4098 vitae·fons
2476 4051 2534 4095 et
2553 4043 2704 4112 radis

1631 4130 1846 4197 ponitur
1866 4128 2027 4180 etiam
2045 4137 2140 4194 pro
2158 4131 2336 4176 mente
2353 4130 2409 4174 et
2432 4120 2703 4188 sapientia.

1629 4205 1797 4259 Porro
1819 4222 2026 4262 versum
2056 4203 2191 4258 hune
2215 4199 2283 4254 ad
2317 4215 2476 4276 suum
2496 4212 2703 4251 carmen

1629 4281 1696 4336 de
1745 4281 1902 4339 Ennii
1949 4279 2268 4336 carminibus
2316 4277 2634 4353 translatum·
2671 4291 2712 4350 sp
