3084 4934
1335 365 1742 417 PROLOGUS.

610 502 945 594 Picusque
972 507 1200 611 docuit
1223 512 1429 577 verba
1447 519 1674 580 nostra
1699 514 1929 580 conari
1944 513 1980 577 ‘t

609 609 932 697 Magister
962 614 1124 679 artis
1152 615 1496 700 ingenique
1522 617 1794 702 largitor
1969 632 1976 637 ’

2555 619 2643 686 1⁰

607 712 877 795 Venter,
906 722 1177 801 negatas
1208 714 1451 785 artifex
1479 722 1673 805 sequi
1704 726 1925 787 voces.

607 818 812 897 Quod
842 822 901 884 si
930 819 1146 886 dolosi
1177 841 1333 905 spes
1351 823 1683 889 refulserit
1703 825 1975 902 nummi,

609 920 866 990 Cervos
892 922 1131 1010 poetas
1162 932 1229 989 et
1255 923 1544 1011 poetrias
1572 928 1765 1010 picas

605 1018 892 1091 cantare
923 1028 1157 1093 credas
1187 1014 1588 1113 Pegaseium
1611 1036 1854 1096 nectar.

430 1185 656 1235 humanas
671 1184 834 1255 vocae?
874 1189 1042 1237 Venter
1063 1189 1241 1238 artium
1269 1191 1446 1250 doctor,
1472 1186 1658 1252 ingenii
1698 1191 1856 1251 dator,
1891 1190 2077 1253 peritus
2105 1190 2290 1254 meqaz‘
2319 1191 2461 1241 verba
2483 1186 2641 1242 incon-

429 1265 573 1300 cessa.
608 1251 770 1307 ‚Quod
790 1253 834 1301 εἰ
849 1259 1073 1316 appareat
1097 1270 1200 1317 spes
1222 1255 1482 1304 lucrandae
1505 1257 1717 1318 pecunia·
1727 1255 1939 1322 fallacie,
1963 1262 2071 1306 tum
2085 1257 2330 1322 putaveris
2346 1271 2503 1307 corvos
2528 1257 2646 1307 Po‘e‘·

429 1314 522 1378 itu,
546 1321 594 1366 et
611 1317 747 1380 picas
768 1318 991 1367 Poe'trias
1011 1335 1178 1369 canere
1200 1332 1388 1370 carmen
1415 1321 1715 1383 Pegaseium.

1353 1450 1713 1470 “enatet“

428 1524 664 1585 Manain,-
697 1528 834 1592 quod
876 1544 1051 1579 omnes
1090 1531 1401 1581 membranae
1439 1533 1749 1596 repudiant:
1786 1546 1884 1584 nec
1919 1535 2084 1584 minus
2119 1534 2263 1584 illum
2287 1534 2564 1584 barbarum
2585 1539 2643 1585 et

427 1591 703 1642 ridiculum
725 1597 1082 1660 versum‚qnia
1093 1597 1350 1646 nonnullis
1371 1598 1507 1647 iuter
1528 1598 1662 1648 bunc
1675 1608 1731 1648 et
1752 1601 2138 1661 praecedentem
2156 1599 2460 1650 collocatur.
2491 1600 2641 1649 Idem.

425 1661 525 1706 -9
562 1659 812 1721 Pie-amque
834 1659 1026 1710 C.-12
1060 1661 1204 1710 Libri
1242 1661 1559 1725 Puteani,et
1585 1664 1689 1712 Ms.
1715 1664 1781 1713 R.
1816 1670 1872 1714 et
1908 1665 1968 1714 C.
1992 1664 2378 1727 refulgeat—13
2416 1664 2646 1714 Po'e‘tidas

406 1722 571 1771 .Edit.
593 1725 775 1789 Stepli.
819 1725 1064 1788 poetridas
1090 1728 1189 1775 MS.
1214 1728 1408 1778 R.-14
1443 1728 1599 1777 Melos
1631 1729 1774 1779 Edit.
1811 1730 1991 1794 Steph.
2017 1737 2072 1783 at
2102 1730 2287 1779 Nectar
2309 1730 2513 1795 praebet
2534 1730 2640 1780 Ms.

428 1786 498 1836 R.
523 1794 579 1837 et
601 1790 702 1840 Ms.
726 1790 1049 1855 PithoeanuS,
1072 1797 1126 1840 et
1150 1792 1207 1842 C.

1385 1926 1403 1953 o
1434 1907 1648 1960 NOTAE

426 2018 542 2080 ipso
583 2017 770 2067 Persio
811 2019 923 2069 haec
965 2019 1296 2085 intelligant3
1348 2021 1494 2087 quasi

429 2108 552 2145 vero
577 2101 682 2145 tam
705 2097 896 2146 misera
924 2096 1084 2147 fuerit
1123 2099 1236 2163 ejus
1268 2097 1494 2163 fortuna,

426 2179 489 2221 nt
511 2179 822 2236 paupertate
847 2174 1064 2225 adactus
1090 2175 1161 2225 sit
1182 2175 1247 2225 ad
1272 2176 1500 2242 scriben-

427 2251 522 2300 dos
557 2266 753 2314 versus,
791 2252 1219 2316 quemadmodum
1255 2254 1347 2304 alii
1389 2254 1500 2319 qui-

422 2323 542 2376 dam
561 2327 705 2379 istius
725 2330 992 2393 temporie.
1025 2330 1223 2381 Verum
1245 2333 1296 2380 in
1312 2332 1425 2381 Sat.
1443 2345 1496 2381 v.

420 2407 566 2457 bulla
611 2422 667 2457 se
699 2416 957 2472 ornatum,
998 2410 1231 2475 adeoque
1273 2410 1498 2461 nobilem

424 2484 641 2536 indicat.
709 2484 863 2535 Adde
886 2487 1129 2536 carminis
1154 2489 1495 2553 quod‚⁸ecta-

426 2568 512 2612 tur
555 2577 736 2626 genua,
769 2562 1122 2613 abalienandis
1161 2571 1307 2616 certe
1339 2566 1496 2615 homi-

336 2708 339 2715 Α
426 2654 549 2689 num
601 2641 893 2704 potentium
940 2642 1123 2692 animis
1166 2643 1338 2707 potius
1383 2642 1493 2693 ido-

425 2731 597 2781 neum,
639 2733 791 2783 quam
832 2719 1080 2782 parandis
1114 2720 1307 2772 amicis,
1383 2721 1493 2771 Ita-

428 2811 531 2863 que
548 2797 801 2848 dicendus
824 2804 908 2848 est
931 2796 1142 2857 Persius
1171 2797 1223 2847 in
1255 2799 1335 2848 his
1357 2799 1491 2864 seip-

427 2890 540 2926 sum
576 2874 782 2940 quidem
828 2881 1029 2940 petere,
1070 2881 1126 2924 at
1158 2873 1317 2925 ferire
1349 2875 1493 2939 alios,

428 2953 518 3019 qui
541 2951 765 3002 divinam
791 2952 1019 3002 Poeseos
1048 2950 1352 3001 facultatem
1385 2952 1491 3001 vel-

425 3035 486 3079 ut
542 3035 710 3079 artem
755 3035 1099 3095 quaestuosam
1157 3028 1494 3094 arripiebant,

426 3106 659 3171 quamvis
682 3121 712 3155 a
732 3114 921 3156 natura
939 3111 1200 3170 negatam.

493 3185 731 3249 Peittaco]
765 3186 912 3235 Sicut
945 3184 1052 3234 avis
1083 3184 1185 3234 ista
1228 3198 1332 3233 non
1373 3197 1494 3233 con-

428 3278 599 3315 cessas
622 3263 814 3330 alioqui
850 3278 1023 3327 vocae,
1045 3263 1184 3313 fame
1209 3270 1381 3313 tamen
1404 3263 1493 3312 sti-

426 3342 679 3404 mulante,
719 3347 935 3391 conatur
974 3341 1296 3405 exprimere:
1334 3342 1409 3391 sic
1440 3348 1496 3392 et

430 3417 657 3483 quidam,
688 3423 748 3467 ut
787 3418 984 3468 victum
1016 3418 1259 3482 habeant,
1293 3423 1496 3468 utcum-

428 3509 531 3560 que
569 3509 744 3545 veraus
785 3492 1040 3558 scribunt,
1086 3509 1214 3559 qnos
1249 3494 1494 3545 divitibus

428 3568 681 3633 offerant3
749 3571 916 3620 invita
970 3570 1182 3636 quidem
1235 3571 1495 3622 Minerva.

363 3687 368 3691 .
428 3647 565 3697 Vide
584 3648 723 3699 Plin.
749 3661 804 3697 x.
827 3652 912 3699 42.

493 3724 643 3776 &aaa
660 3726 827 3790 Χαῖρε]
860 3725 1020 3778 Quasi
1044 3725 1305 3791 propriam
1328 3726 1499 3776 avicu-

430 3802 492 3852 lis
515 3802 629 3852 istis
647 3803 905 3852 salutandi
929 3802 1206 3854 rationem.

492 3886 527 3932 9
566 3880 722 3931 Verba
758 3881 946 3944 nostra]
1002 3882 1169 3932 Nobis
1208 3881 1494 3932 hominibus

432 3958 695 4023 proprium
718 3973 1023 4011 sermonem.
1063 3959 1393 4016 ,Inter-serunt
1408 3958 1494 4008 liic

430 4037 589 4102 aliqui
605 4037 832 4099 spurium
852 4050 977 4103 s‘ane
994 4037 1306 4086 versiculum
1324 4036 1491 4087 hunc:

431 4113 664 4163 “Coi-vos
708 4113 822 4178 quis
863 4112 981 4162 olim
1035 4127 1316 4163 concavum
1362 4113 1494 4161 salii-

433 4196 550 4261 tare
565 4189 600 4240 ?'
632 4189 694 4239 Id
728 4194 829 4249 est,
849 4188 971 4254 quis·
1002 4188 1161 4239 etiam
1183 4189 1363 4239 docuit
1385 4204 1495 4238 cor-

330 4298 337 4305 ·
433 4281 551 4319 vum
574 4280 728 4319 rauca
763 4280 894 4319 voce
925 4270 983 4318 et
1017 4280 1245 4318 concava
1266 4267 1492 4318 salutare
1510 4284 1534 4299 ··

1577 2024 1833 2075 Caesarem
1870 2023 2178 2088 Angustum,
2216 2030 2337 2089 post
2375 2021 2644 2073 Actiacam

1577 2103 1849 2154 victoriam
1870 2105 1889 2153 ?
1923 2104 2059 2153 Vide
2091 2102 2323 2153 Martial.
2348 2102 2499 2166 Epig.
2520 2113 2641 2150 xlv.

1579 2185 1662 2231 73.
1695 2186 1777 2232 74.
1814 2186 1896 2232 76.
1951 2181 2086 2230 Item
2121 2180 2357 2230 Macrob.
2384 2176 2643 2228 Saturnal.

1580 2272 1643 2308 11.
1666 2263 1713 2309 4.
1738 2259 1803 2309 ad
1826 2258 1997 2308 finem.

1648 2340 1708 2385 11
1752 2336 1943 2399 Venter,
1965 2339 2164 2397 negatas
2184 2334 2365 2394 artifex
2400 2332 2531 2397 sequi
2562 2344 2641 2389 νο-

1585 2414 1682 2478 ces]
1712 2413 1926 2463 Scilicet
1961 2419 2144 2462 venter
2173 2411 2439 2461 famelicus
2473 2415 2640 2459 artem

1578 2490 1670 2540 dat
1690 2498 1745 2541 et
1767 2490 2074 2541 facultatem
2099 2504 2251 2555 quam
2284 2497 2470 2538 natura
2489 2502 2643 2551 nega-

1577 2572 1746 2618 verat.»
1779 2567 2032 2618 Proverb.
2084 2569 2246 2617 Multa
2284 2569 2417 2616 docet
2447 2566 2641 2625 fames.-

1576 2652 1631 2695 et
1649 2645 1785 2710 apud
1810 2645 2051 2696 Graecos:
2087 2647 2290 2695 Πολλῶν
2316 2645 2342 2692 ὁ
2376 2641 2512 2705 λιμὸς
2532 2640 2640 2704 γίγ·

1573 2742 1705 2773 verat
1726 2721 2027 2774 διδάσκαλος.

1639 2806 1703 2851 12
1739 2800 1933 2863 Doiosi]
1969 2801 2250 2850 Nummum
2289 2797 2541 2860 dolosum,
2576 2810 2640 2846 eo

1574 2877 1710 2944 quod
1749 2878 1952 2928 dolosos
1985 2876 2148 2927 faciat
2182 2875 2430 2938 hominen,
2465 2873 2644 2923 vocari

1574 2962 1762 3021 putant
1813 2954 2067 3005 nonnulli.
2153 2953 2336 3003 Malim
2378 2965 2477 3015 ego
2522 2965 2642 3001 cum

1576 3032 1883 3083 Casaubono
1926 3032 2003 3081 ita
2048 3030 2167 3093 dici,
2212 3029 2349 3094 quod
2403 3041 2522 3091 spes
2572 3027 2642 3078 sit

1576 3108 1690 3173 ejus
1712 3106 2045 3172 comparandi
2078 3120 2174 3171 per
2206 3103 2527 3153 adulationes
2550 3101 2640 3151 do-

1576 3186 1727 3248 losas,
1768 3191 1823 3234 et
1862 3183 2045 3233 falsam
2092 3180 2409 3247 praestantiae
2444 3179 2643 3245 opinio-

1575 3276 1713 3313 nem.

1640 3345 1703 3390 13
1757 3342 1935 3389 Cor-vos
1977 3337 2171 3401 Poetae,
2210 3335 2318 3400 εμπ]
2389 3334 2444 3385 si
2489 3332 2643 3384 modo

1576 3416 1853 3489 spesxlucri
1877 3412 2143 3478 affulgeat,
2165 3413 2393 3464 carmina
2424 3411 2644 3461 conscri-

1575 3496 1703 3545 bent
1743 3492 1933 3558 garruli
1963 3491 2199 3558 quilibet,
2234 3489 2435 3558 insulsi,
2457 3487 2645 3553 inepti,

1578 3588 1608 3624 e
1631 3572 1787 3623 trivio
1809 3570 2094 3621 Poetastri.
2159 3569 2336 3634 Atque
2367 3566 2469 3616 sibi
2501 3565 2647 3616 vide-

1578 3654 1773 3704 buntur
1810 3651 1939 3715 ipsis
1976 3648 2200 3712 egregia>
2227 3660 2483 3713 promere,
2520 3645 2645 3694 dum

1578 3729 1742 3796 aequis
1763 3742 1937 3778 rerum
1961 3723 2360 3777 aestimatoribus
2382 3728 2537 3773 erunt
2560 3722 2642 3779 ‚lu-

1578 3806 1764 3858 dibrio.

1644 3887 1705 3934 14
1744 3886 1953 3934 cantare
1972 3878 2157 3942 credas]
2188 3876 2437 3941 Subaudi,
2455 3889 2605 3941 posse
2627 3890 2641 3924 t

1576 3961 1708 4011 adeo
1731 3965 1919 4024 potens
1939 3963 2024 4007 est
2046 3955 2220 4006 lucelli
2243 3953 2454 4018 cupido,
2475 3949 2640 4006 duria-

1577 4052 1678 4104 que
1699 4042 1885 4101 urgens
1907 4035 1959 4084 in
1982 4033 2134 4083 rebus
2156 4037 2378 4096 egestas-

1641 4111 1952 4177 Peganeium]
1975 4110 2251 4176 Egregium
2271 4122 2499 4170 carmen,
2517 4121 2641 4172 qua-

1575 4193 1625 4241 le
1648 4190 2001 4255 composuerit
2034 4188 2076 4237 is
2104 4186 2192 4252 qui
2216 4200 2282 4236 ex
2305 4184 2641 4250 Hippocrene

1577 4268 1791 4319 biberit.
