3084 4934
522 404 619 481 *fl
716 446 735 468 s

1338 427 1412 476 A.
1458 418 1708 475 runsn
1757 418 2024 477 FLAccl

539 573 754 640 Euiou
782 562 1128 662 ingeminat
1156 594 1175 634 .·
1214 571 1590 657 reparabilis
1613 583 1858 637 assonat
1886 570 2083 636 Echo.

535 680 718 745 Haeo
748 679 1000 759 fierent,
1032 680 1091 744 si
1118 681 1410 744 testiculi
1442 699 1611 743 vena
1636 678 1774 743 ulla
1804 680 2060 765 paterni
2621 688 2630 697 “
2713 706 2730 735 s

529 776 804 848 Viveret
834 785 898 847 in
932 782 1124 846 nobis
1142 784 1172 845 ‘l
1221 800 1481 847 summa
1510 782 1809 846 delumbe
1840 784 2056 847 saliva

533 886 693 951 Hoc
723 890 905 951 natat
932 886 1002 948 in
1029 887 1260 965 labris»,
1291 891 1356 953 et
1385 888 1452 950 in
1479 887 1612 951 udo
1640 892 1742 951 est
1772 886 2035 951 Maenas
2061 892 2129 951 et
2156 885 2385 955 Attin:

2619 885 2750 950 105

538 987 687 1053 Nec
717 988 1010 1072 pluteum
1041 989 1260 1068 caedit,
1290 1010 1410 1054 nec
1440 988 1784 1055 demorsos
1815 992 1993 1076 sapit
2022 1010 2298 1074 ungueS.

523 1169 684 1221 baculo
715 1172 977 1236 petulanti,
1019 1178 1064 1222 et
1107 1174 1292 1222 Mamas
1328 1174 1510 1236 lyncem
1547 1171 1852 1222 incurvatum
1888 1171 2171 1221 hederarum
2208 1173 2330 1235 uvis,
2348 1171 2520 1236 soepius
2556 1172 2748 1233 clamat,

524 1236 663 1286 evoti:
695 1244 881 1288 resonat
909 1239 1038 1287 Echo
1059 1245 1273 1302 repetens
1294 1254 1440 1288 voces.
1508 1235 1593 1286 An
1624 1239 1741 1286 tulin
1763 1237 1986 1286 carmina
2016 1239 2414 1299 conderentur-‚³2

2402 1238 2500 1286 'in
2529 1237 2749 1287 nobi-svi-

519 1307 659 1417 ἶσοι
688 1319 801 1366 pars
821 1305 977 1368 aliqua
997 1304 1197 1352 virtutis
1217 1300 1485 1364 majorum?
1537 1304 1666 1351 Illud
1689 1303 2015 1351 nihilominus
2045 1317 2257 1352 carmen
2278 1318 2442 1352 enerve
2462 1301 2626 1366 fluit
2607 1317 2660 1351 ιιι
2679 1303 2748 1351 la-

583 1368 663 1417 uis
681 1373 893 1418 extrema
913 1370 1097 1441 saliem·
1142 1373 1192 1418 et
1214 1370 1402 1418 Mamas
1422 1373 1471 1417 et
1488 1367 1634 1418 Attin
1653 1370 1705 1416 in
1726 1365 1916 1417 humido
1940 1372 2046 1417 est.-
2098 1382 2245 1433 neque
2257 1368 2469 1433 percutit
2490 1367 2746 1432 pulpitum,

1460 1508 1667 1528 ”mn

1668 1507 1818 1529 ‘nt-P

527 1608 701 1663 locum
733 1612 808 1662 sle
828 1608 935 1676 legi
956 1630 968 1662 z
1017 1610 1211 1662 Summa
1232 1610 1441 1661 delumbe
1462 1612 1612 1661 soliva
1646 1610 1755 1661 Hoc
1771 1615 1910 1661 natat
1927 1611 1978 1662 in
2002 1608 2317 1673 lubrtsjqfuno
2330 1628 2351 1672 ‚·
2399 1616 2449 1661 et
2484 1608 2673 1661 Moenas
2701 1612 2750 1661 et

1532 1745 1744 1796 NOTAE

525 1857 625 1907 sari
657 1864 800 1909 veste
825 1859 996 1921 talari,
1021 1875 1122 1925 qua
1146 1858 1234 1909 ille
1269 1860 1599 1912 induebatur.

527 1935 647 1985 Non
667 1938 839 2001 placet
858 1939 1170 2003 etymologia
1184 1936 1277 1986 ἀπὸ
1289 1941 1384 1986 τῶν
1402 1936 1600 1998 βήσσων

527 2027 559 2062 a
581 2015 802 2064 vallibus
839 2023 895 2065 et
935 2016 1185 2065 saltibus
1173 2031 1224 2064 m
1252 2015 1435 2082 quibus
1474 2016 1598 2067 bac·

526 2090 854 2154 chabantur3
906 2108 1003 2142 nec
1029 2091 1120 2141 ἀπὸ
1141 2093 1226 2141 τοῦ
1247 2090 1433 2157 βάζειν,
1456 2094 1598 2159 quod

527 2174 611 2216 est
634 2168 774 2233 loqui
798 2184 890 2217 seu
909 2170 1208 2219 vociferari.

589 2243 821 2308 Lym-em]
855 2246 1038 2310 Lyncea
1057 2261 1265 2296 currum
1285 2248 1476 2297 Bacchi
1496 2254 1599 2298 tra-

521 2319 672 2384 hunt,
711 2323 846 2372 sicut
879 2332 934 2372 et
974 2324 1152 2388 tigrem,
1186 2327 1449 2375 maculosa
1490 2326 1598 2375 aui-

522 2398 695 2462 malia,
718 2403 771 2448 et
796 2400 960 2449 varios
983 2398 1090 2449 vini
1114 2400 1335 2453 effectus
1361 2403 1597 2467 apprime

527 2473 887 2536 significantia.
967 2478 1053 2526 De
1074 2478 1183 2527 istis
1207 2478 1325 2529 vide
1350 2481 1485 2530 Plin.
1509 2481 1596 2531 lib.

526 2564 651 2601 vm.
691 2550 757 2600 de
796 2552 1008 2617 tigride,
1045 2569 1162 2618 cap.
1196 2561 1276 2605 18.
1318 2555 1384 2606 de
1421 2559 1599 2622 lynce,

470 2682 477 2689 ,
528 2643 646 2693 cap.
670 2633 752 2679 38.

594 2707 805 2770 Menas]
837 2707 955 2756 Ἀπὸ
976 2709 1062 2758 τοῦ
1081 2708 1346 2775 μαίνεσθαι,
1360 2711 1494 2775 quod
1515 2718 1598 2761 est

523 2776 720 2847 furere,
737 2785 791 2833 M
797 2786 1003 2835 aenades
1022 2788 1300 2852 appellatae
1326 2795 1447 2837 sunt
1465 2789 1597 2837 Bac·

528 2854 762 2912 obantes,

537 3005 541 3009 “
593 2938 865 3004 corymbis]
934 2941 1195 3006 Corymbus
1250 2949 1332 2992 est
1383 2916 1595 2994 hederae

526 3014 748 3069 fructus.
835 3018 940 3068 Hic
974 3019 1208 3084 intellige
1232 3020 1315 3069 vel
1346 3021 1541 3085 virgam
1566 3037 1596 3070 e

525 3093 724 3159 thyrso,
758 3094 843 3144 vel
882 3092 1100 3146 fraenum
1140 3097 1345 3147 hederis
1386 3098 1596 3148 intortis

526 3176 786 3221 ornatum.
855 3173 1083 3222 Hederae
1124 3189 1248 3223 vero
1284 3175 1493 3224 Baccho
1516 3191 1596 3225 sa-

526 3261 647 3310 crae,
670 3246 792 3312 qnia
828 3255 1097 3299 revertens
1137 3250 1206 3298 ab
1244 3248 1395 3299 India
1431 3251 1597 3301 victor

524 3322 602 3371 his
626 3334 739 3373 sese
760 3326 1046 3376 coronavit.

592 3400 686 3450 102
721 3402 902 3467 Euion]
953 3403 1102 3452 Euios
1134 3403 1327 3453 dicitnr
1352 3404 1593 3454 Bacchus

524 3478 610 3526 vel
656 3492 688 3527 a
734 3492 859 3528 voce
908 3478 1284 3529 Bacchantium
1329 3481 1456 3531 εὐοῖε
1508 3480 1594 3531 vel

526 3555 663 3618 quod
688 3555 755 3604 ob
778 3570 860 3604 res
883 3556 1128 3607 adversus
1163 3558 1414 3622 Gigantes
1447 3557 1596 3608 forti-

523 3637 608 3680 ter
647 3639 838 3696 gestas,
873 3632 1108 3683 laudatus
1151 3642 1231 3685 est
1271 3652 1302 3685 a
1338 3638 1473 3688 Jove
1517 3636 1597 3685 his

522 3704 693 3757 verbis
714 3727 730 3771 3
764 3705 816 3758 εὖ
839 3706 925 3773 υἱὲ,
945 3726 1080 3775 euge,
1102 3712 1209 3778 fili.
1276 3714 1466 3766 Horat.
1492 3714 1596 3765 od.

523 3788 588 3833 1'1.
616 3788 695 3834 19.

593 3856 916 3927 Reparabilis]
984 3865 1112 3916 Quae
1139 3881 1292 3917 voces
1317 3875 1595 3933 pereuntes

526 3942 737 4003 reparat
760 3939 1064 4003 repetendo

594 4014 748 4078 Echo]
805 4016 970 4067 Dicta
1001 4017 1094 4067 ἀπὸ
1127 4021 1214 4070 τοῦ
1237 4020 1392 4086 ἠχεῖν,
1411 4038 1594 4074 sonare.

525 4091 705 4141 Fuisse
729 4091 951 4157 puellam
975 4094 1043 4144 ob
1062 4098 1446 4161 garrulitatem
1434 4115 1488 4149 m
1509 4116 1597 4150 vo-

526 4170 640 4218 cem
675 4187 704 4220 a
741 4170 949 4223 Junone
990 4174 1243 4226 mutatam
1276 4174 1595 4228 fabulantur.

526 4242 668 4297 Quid
709 4262 890 4298 revera
931 4249 1000 4301 sit
1037 4253 1187 4318 Echo,
1237 4255 1467 4322 explicat
1518 4256 1597 4306 di-

523 4329 666 4376 serte
687 4322 828 4379 Plin.
853 4341 918 4378 u.
939 4332 1020 4380 46.
1040 4337 1099 4382 et
1121 4344 1325 4383 xxxvi.
1352 4334 1432 4383 15.
1498 4330 1597 4383 Le-

1681 1876 1745 1924 ge
1769 1867 1826 1924 et
1847 1861 2005 1912 Ovid.
2028 1862 2245 1915 Metam.
2270 1877 2354 1912 111.
2382 1869 2431 1915 5.
2455 1867 2511 1912 et
2524 1858 2750 1910 Ausonii

1679 1938 2011 2002 Epigramma
2035 1938 2380 1990 undecimum.

1744 2018 1838 2064 103
1880 2014 2126 2079 resticuli]
2191 2016 2431 2080 Metaph.
2471 2015 2625 2079 paulo
2661 2028 2779 2064 au·-

1678 2092 1856 2143 dacior
1877 2101 1930 2143 et
1952 2092 2261 2144 obscoen‘ior.
2329 2093 2393 2143 Id
2417 2102 2515 2154 est,
2532 2092 2573 2141 si
2596 2092 2753 2142 virili·

1678 2170 1800 2219 tatis
1825 2170 2052 2235 antiquae
2071 2176 2125 2220 et
2149 2171 2356 2221 virtutis
2380 2185 2439 2219 ac
2464 2168 2749 2233 diligentiae

1678 2247 1933 2311 majorum
1991 2255 2282 2298 nostrorum
2326 2246 2603 2311 vestigium
2656 2244 2749 2297 ali-

1680 2323 1818 2387 quod
1862 2324 1915 2371 in
1963 2323 2113 2374 nobis
2163 2330 2475 2388 superesset.
2562 2324 2750 2373 Horat.

1682 2401 1850 2463 Epod.
1889 2404 1969 2451 15.
2018 2402 2035 2430 ⁴
2072 2402 2127 2451 Si
2167 2401 2290 2468 quid
2332 2402 2384 2450 in
2427 2402 2616 2451 Flacco
2652 2400 2751 2450 viri

1680 2475 1800 2525 est.'

1748 2556 1842 2602 104
1879 2553 2132 2617 Delumbe]
2181 2554 2245 2604 Id
2271 2562 2367 2618 est,
2407 2555 2515 2604 sine
2549 2554 2752 2619 lumbis,

1678 2636 1735 2681 et
1752 2631 1862 2680 sine
1882 2631 2093 2683 viribus.
2160 2634 2297 2682 Nam
2318 2634 2370 2682 in
2391 2632 2492 2682 illis
2519 2632 2750 2697 corporis

1676 2707 1899 2755 maxime
1924 2704 2081 2756 robur
2102 2714 2338 2771 apparet.

1742 2782 1935 2832 Summa
1956 2784 2107 2833 saliva
2129 2784 2288 2848 nutat]
2351 2784 2615 2849 Ejusmodi
2638 2791 2768 2834 car-‘

1676 2870 1795 2907 men
1821 2870 2011 2908 enerve
2053 2863 2419 2924 pronuntiatur
2444 2862 2752 2926 primoribus

1676 2937 1858 3001 labriS,
1880 2937 1966 2987 ubi
1992 2939 2268 3002 plurimum
2303 2939 2480 2989 salivae
2515 2956 2630 2990 esse
2671 2955 2751 2990 εο-

1676 3014 1753 3063 let
1773 3032 1787 3075 ;
1824 3030 1925 3065 uon
1947 3023 2122 3066 autem
2144 3017 2280 3067 virili
2300 3019 2521 3084 quadam
2539 3033 2669 3069 voce
2693 3026 2751 3070 et

1677 3106 1744 3140 ex
1768 3092 1870 3142 imo
1888 3102 2104 3157 pectore
2127 3095 2333 3146 educta.
2400 3097 2603 3149 Etcum
2630 3095 2754 3148 blae·

1675 3185 1749 3231 se,
1775 3172 2015 3235 molliter,
2043 3180 2220 3222 tenere
2246 3175 2644 3238 pronuntiarunt
2671 3175 2751 3225 illi

1676 3247 1960 3310 Poetastri,
1984 3256 2093 3299 tum
2118 3266 2175 3300 se
2198 3250 2429 3316 egregios
2455 3251 2648 3303 Poetas
2668 3268 2749 3303 ar-

1674 3325 1951 3391 bitrantur,
1973 3324 2094 3392 quia
2132 3326 2272 3378 forte
2313 3329 2639 3380 adulatorum
2664 3345 2750 3382 ac-

1676 3405 2011 3454 clamationes
2036 3406 2240 3470 ineptas
2262 3406 2556 3457 audierunt.

1742 3486 1834 3531 105
1873 3478 1942 3530 Et
1964 3482 2016 3532 in
2042 3484 2132 3532 udo
2170 3489 2241 3533 est
2280 3485 2485 3547 Mamas,
2518 3484 2625 3549 dc]
2682 3484 2749 3537 In

1676 3558 1780 3609 udo
1826 3574 1962 3624 esse,
2004 3567 2059 3611 et
2101 3576 2300 3611 summa
2341 3563 2504 3612 saliva
2546 3559 2751 3627 natare,

1678 3635 1817 3685 idem
1856 3650 1971 3686 esse
1994 3628 2219 3687 videtur.
2287 3639 2474 3689 Potest
2496 3641 2653 3690 etiam
2677 3640 2752 3690 in-

1677 3712 1844 3777 telligi
1870 3712 2080 3763 Persius
2117 3716 2365 3780 conqueri
2404 3717 2539 3783 quod
2583 3719 2749 3768 Nero-

1674 3790 1832 3841 niana
1854 3792 2082 3842 carmina
2107 3800 2360 3856 perpetuo
2380 3794 2674 3845 habeantur
2697 3795 2752 3845 iu

1675 3884 1761 3918 ore
1784 3869 2107 3919 adulatorum
2143 3875 2198 3919 e't
2235 3868 2527 3939 ineptorum
2563 3872 2750 3921 Roma·

1675 3960 1894 4008 norum;
1946 3947 2180 4012 adeoque
2220 3949 2500 4011 semperin
2523 3948 2621 3998 udo
2644 3948 2752 4000 sint

1677 4032 1732 4075 et
1756 4024 1808 4072 in
1833 4024 1994 4073 saliva
2015 4031 2217 4076 natent.
2286 4024 2440 4079 Quod
2464 4027 2748 4091 simplicius

1678 4108 1761 4152 est
1800 4109 1856 4152 et
1895 4102 2057 4167 magis
2100 4105 2293 4168 placet.
2381 4107 2467 4155 De
2505 4105 2661 4170 Atty‚
2694 4112 2752 4156 et

1679 4176 1919 4230 Manade
1976 4195 2067 4230 seu
2123 4182 2366 4245 Bacchis,
2439 4181 2749 4235 Neronianis

1677 4257 2027 4321 CarminibuS,
2047 4272 2168 4308 mox
2186 4259 2382 4310 dictum
2406 4266 2507 4309 est.

1743 4338 1841 4384 106
1872 4332 2121 4402 Plateam]
2160 4336 2362 4388 Pluteus
2383 4334 2639 4402 significat
2660 4336 2746 4391 hie
