3084 4934
566 380 724 457 210·

562 536 889 590 *valetudinis
907 535 1075 601 bonai,
1088 537 1338 601 grandem
1354 537 1504 602 panis
1521 553 1651 603 qua-

560 614 721 668 dram
742 628 894 679 posse
915 614 1213 666 comedere.
1251 615 1519 670 casaubon.

637 696 705 754 66
738 694 828 757 Et,
858 691 971 758 ᾦα]
1038 693 1171 745 Alia·
1215 710 1375 746 causa
1414 694 1650 746 efficiens

572 769 885 834 cognitionis
905 768 1131 835 bonesti,
1151 778 1208 823 et
1243 771 1431 838 turpis,
1451 771 1533 836 Py
1541 773 1650 821 tha-

572 847 773 913 getica,
793 846 1052 911 nimirum,
1077 847 1370 913 disciplina.
1442 849 1507 899 ld
1546 857 1649 912 est,

570 939 672 976 nee
694 924 780 974 via
811 925 1041 988 virtutis,
1064 926 1220 976 modo
1259 941 1374 976 eam
1409 927 1540 976 velis
1573 926 1650 976 in-

571 1002 780 1062 sistere,
813 1002 906 1052 tibi
930 1002 1123 1067 ignota.
1194 1004 1332 1055 Nam
1355 1005 1535 1056 littera
1559 1004 1651 1054 illa

572 1080 623 1130 Y
646 1078 963 1143 Pythagorae
985 1080 1163 1141 Samii,
1178 1095 1296 1146 quae
1331 1081 1459 1132 duos
1480 1095 1648 1132 ramos

570 1153 628 1204 in
672 1160 952 1221 utrumque
991 1157 1127 1207 latus
1167 1156 1394 1220 diduxit,
1433 1158 1647 1210 virtutis

566 1231 705 1282 viam
746 1232 935 1281 dextro
977 1233 1147 1283 limite
1195 1241 1500 1297 surgentem
1548 1234 1648 1285 tibi

568 1310 882 1362 monstravit
900 1316 923 1359 ε·
958 1310 1217 1361 Vitiorum
1239 1310 1397 1375 viam,
1420 1310 1645 1363 sinistro.

552 1385 848 1450 .--S‹um‘os]
898 1386 987 1437 Ob
1027 1386 1380 1453 Pythagoram
1419 1388 1531 1452 ejus
1561 1387 1646 1439 lit-

570 1469 702 1514 teroe
742 1462 1091 1524 inventorem,
1137 1465 1228 1529 qui
1280 1465 1481 1516 Samius
1528 1463 1647 1529 fuit,

569 1539 1031 1605 dixin—Deduxit,
1049 1541 1154 1606 lfa]
1187 1543 1429 1607 Metaph.
1460 1542 1528 1593 ab
1562 1556 1645 1591 ar-

567 1616 803 1681 boribus,
824 1617 878 1672 id
902 1631 1004 1684 est,
1039 1618 1104 1669 ab
1137 1624 1358 1686 utraque
1380 1627 1532 1685 parte
1554 1634 1645 1670 ex·

571 1694 778 1758 pandit.

631 1777 698 1822 67
731 1771 1039 1840 διο-Μαι]
1089 1774 1258 1836 Dixit,
1294 1774 1419 1841 quia
1452 1774 1645 1827 dexter

565 1861 740 1902 ramus
762 1851 853 1915 qui
875 1851 1086 1901 virtutis
1108 1851 1244 1901 viam
1268 1853 1351 1902 vel
1378 1853 1642 1905 tramitem

562 1924 804 1988 denotat,
823 1926 1036 1991 arduus,
1061 1927 1314 1991 sublimis,
1343 1937 1400 1980 et
1417 1928 1642 1981 difficilis

567 2002 823 2068 adsurgit,
844 2010 900 2055 et
922 2019 979 2055 se
1001 2006 1217 2057 attollit.
1252 2007 1402 2057 Idem.

631 2085 699 2131 58
731 2081 915 2132 Stet-tis
990 2083 1169 2148 adhue]
1262 2084 1641 2150 lutei-rogatio.

567 2159 740 2212 Quem
763 2174 969 2225 aequum
992 2168 1103 2211 erat
1124 2161 1356 2225 vigilare,
1377 2170 1430 2211 et
1454 2164 1640 2213 insom-

564 2250 686 2286 nem
710 2249 843 2301 esse,
858 2238 1148 2289 Stoicorum
1172 2241 1433 2303 exemplo.
1463 2240 1639 2292 labin.

565 2314 688 2377 Vel,
744 2321 820 2378 tu,
878 2314 965 2380 qui
1024 2314 1374 2381 Philosophiae
1435 2317 1638 2382 pridem

562 2404 781 2455 operam
826 2391 940 2456 das,
983 2406 1078 2444 cur
1122 2393 1488 2460 Philosophice
1533 2409 1636 2445 non

562 2466 731 2517 vivis?
783 2467 1334 2537 Casuum—Laxamque
1369 2471 1536 2536 caput]
1573 2471 1638 2521 Id

562 2549 663 2608 est,
687 2549 921 2604 tutamen
960 2546 1130 2597 adhuc
1162 2548 1408 2611 somnias,
1436 2555 1493 2598 et
1534 2552 1641 2598 lax-

562 2633 650 2672 um
693 2627 838 2673 tuum
873 2630 1035 2687 eaput
1072 2624 1140 2674 ad
1175 2630 1456 2690 utrumque
1499 2626 1637 2678 latus

560 2701 1003 2751 somnolentorum
1046 2716 1188 2754 more
1218 2702 1539 2770 dependens,
1579 2709 1638 2759 et

563 2777 871 2830 dissolutum
915 2794 972 2835 se
1008 2794 1121 2830 xnou
1165 2781 1442 2846 sustinens,
1484 2784 1636 2850 quasi

560 2856 898 2922 compagibus
918 2857 1051 2921 ejus,
1082 2864 1139 2908 et
1153 2856 1414 2921 juncturis
1451 2857 1636 2911 fractis

560 2939 621 2985 et
660 2934 1196 2999 solutis.—-compuge]
1263 2936 1634 3002 Commissum,

551 3011 807 3077 junctura
828 3013 1085 3064 labrorum
1118 3019 1175 3063 et
1202 3014 1528 3063 maxillarum
1553 3030 1635 3063 so-

554 3089 691 3152 luta,
712 3096 769 3140 et
790 3089 1035 3151 diducta3
1083 3088 1137 3139 id
1161 3096 1259 3157 est,
1281 3105 1339 3140 os
1368 3090 1422 3140 in
1448 3091 1634 3141 rictum

559 3174 847 3230 extensum,
888 3174 949 3219 et
990 3163 1280 3218 diductum.
1359 3170 1633 3219 Describit

556 3251 735 3295 antem
757 3245 1134 3297 oscitationem.
1173 3245 1349 3296 Lubin.

622 3326 691 3372 59
726 3325 937 3387 Oscitat,
957 3324 1064 3389 ξω]
1114 3323 1185 3374 Id
1208 3330 1308 3385 est,
1341 3322 1409 3374 ob
1430 3322 1633 3382 bester-

556 3416 679 3451 nam
713 3404 999 3467 crapulam,
1039 3404 1273 3469 ignavus,
1296 3405 1554 3468 torpidus,
1575 3411 1633 3455 et

554 3478 817 3529 marcidus
839 3479 1006 3531 adhuc
1022 3495 1165 3532 more
1189 3482 1632 3536 somnolentorum

555 3554 785 3617 oscitat3
836 3556 891 3606 id
926 3563 1025 3622 eat,
1046 3559 1340 3610 hesternam
1362 3562 1629 3624 crapulam

554 3631 827 3683 oscitando
851 3634 1080 3698 exhalat,
1100 3635 1341 3701 edormit,
1363 3644 1635 3702 evaporat,

553 3709 827 3761 oscitando
881 3712 1486 3779 commuue-Dissuta,
1521 3714 1631 3779 εμπ]

553 3785 621 3837 Id
643 3793 744 3851 est,
765 3787 986 3839 maxillis
1010 3791 1092 3839 vel
1132 3792 1279 3855 genis
1315 3792 1383 3842 ab
1407 3800 1630 3856 utraque

552 3870 709 3929 parte
727 3866 861 3916 male
894 3868 1221 3933 conjunctis;
1255 3871 1359 3932 vel,
1391 3870 1535 3936 quod.
1554 3886 1631 3921 os-

552 3942 778 3994 citantes
799 3941 1174 4009 faciunt,·foede
1198 3947 1355 3997 labris
1373 3948 1630 4014 distortis,

546 4026 610 4071 et
631 4021 687 4071 in
711 4021 896 4072 rictum
920 4022 1164 4088 diductis,
1185 4033 1242 4074 et
1276 4013 1560 4076 distractis.

616 4102 684 4149 60
720 4100 811 4148 Est
827 4100 1033 4165 aliquid]
1079 4102 1164 4151 lta
1186 4101 1491 4166 accipienda
1510 4105 1625 4168 ejus

546 4174 922 4240 interrogatio:
958 4178 1097 4231 Quid
1114 4180 1297 4229 mirum
1316 4181 1360 4230 si
1374 4180 1623 4232 dissolute

550 4251 720 4302 vivis?
772 4254 908 4318 quod
949 4260 1071 4323 ante
1109 4257 1283 4306 omnia
1323 4256 1623 4308 faciendum

460 4394 466 4402 ,
552 4329 652 4381 tibi
674 4330 868 4396 fuerat,
890 4338 950 4383 ut
973 4332 1040 4383 de
1060 4348 1259 4388 summo
1294 4334 1426 4388 bono
1443 4334 1623 4385 decer-

1287 393 1508 444 ⁸01·AE
1560 390 1972 441 valuerunt
2014 390 2098 439 IN

1725 547 1878 586 neres
1899 542 1956 585 et
1977 533 2134 585 finem
2167 539 2372 585 certum
2404 531 2503 584 tibi
2539 546 2793 602 propone-

1723 628 1828 676 res,
1842 613 1909 664 de
1923 628 1987 664 eo
2003 612 2226 664 necdum
2242 612 2505 678 cogitasti.
2533 612 2794 664 casaubon.

1722 693 1885 743 -Est
1905 694 2103 758 aliquid,
2124 693 2231 759 ξπ]
2277 694 2441 747 Quasi
2463 693 2641 743 dicat:
2677 692 2795 743 Non

1725 777 1801 837 tu,
1822 777 1883 823 nt
1906 773 2163 837 sagittarii
2200 781 2404 823 eertum
2439 787 2654 836 scopum
2697 769 2795 821 sibi

1723 849 2077 913 praestituunt,
2114 856 2318 902 certum
2355 851 2480 901 vitae
2517 865 2680 913 genus
2704 848 2799 898 tibi

1723 926 1929 991 deligis,
1967 927 2061 977 sed
2102 940 2306 991 corvos,
2354 943 2465 977 rem
2508 942 2692 991 vagam
2743 931 2799 976 et

1723 995 1976 1055 incertam
2013 1007 2405 1071 sequeris.--Et
2436 1005 2489 1054 in
2515 1005 2654 1070 quod,
2689 1000 2796 1065 Ra]

1721 1079 1990 1147 Allegoria
2008 1098 2040 1132 a
2062 1081 2362 1147 sagittariis.
2400 1079 2797 1154 Proposuistine

1721 1158 1818 1209 tibi
1840 1159 2067 1225 aliquam
2105 1167 2320 1223 metam,
2360 1159 2443 1210 vel
2472 1171 2709 1221 scopum,
2733 1154 2797 1205 ad

1723 1250 1873 1299 quem
1898 1236 2146 1302 collimes,
2169 1238 2250 1287 vel
2268 1237 2324 1286 in
2347 1251 2499 1302 quem
2522 1249 2699 1285 areum
2724 1232 2801 1282 di-

1720 1309 1886 1376 rigas?
1917 1312 2094 1366 Lubin.

1784 1392 1847 1440 61
1873 1389 1981 1451 Aa,
2001 1390 2112 1456 εμπ]
2159 1391 2293 1441 Eum
2333 1403 2483 1454 ergo,
2506 1388 2595 1454 qui
2629 1388 2699 1438 ita
2727 1386 2795 1448 vi·

1718 1465 1814 1529 vit,
1834 1465 2051 1516 similem
2077 1467 2151 1516 illi
2181 1482 2295 1516 esse
2332 1467 2462 1517 dicit
2501 1466 2589 1532 qui
2612 1480 2795 1515 corvos

1719 1549 1774 1592 et
1794 1543 1845 1593 id
1871 1557 2033 1609 genus
2055 1557 2176 1593 aves
2205 1549 2455 1605 sectetur,
2498 1555 2793 1606 capereqae

1717 1621 1977 1684 intendat,
2000 1638 2102 1672 non
2125 1631 2297 1684 arcus,
2321 1621 2415 1671 sed
2458 1626 2608 1670 testae
2631 1618 2794 1669 lutive

1710 1700 2033 1765 jaculatione
2057 1719 2070 1752 z
2129 1702 2266 1767 quod
2313 1702 2434 1767 quia
2485 1715 2580 1765 per
2621 1714 2791 1749 rerum

1717 1785 1973 1840 naturam,
2003 1792 2102 1829 nec
2143 1780 2295 1841 solet,
2329 1792 2427 1827 nec
2464 1783 2641 1841 potest
2662 1773 2796 1840 fieri,

1719 1855 1809 1920 qui
1844 1855 1901 1906 id
1946 1861 2121 1906 tentat
2153 1855 2340 1905 Graeco
2380 1854 2661 1917 proverbio
2702 1868 2792 1903 no-

1719 1937 1861 1982 tatus
1887 1939 1988 1995 est,
2010 1931 2076 1982 τὰ
2089 1931 2327 1993 πετόμενα
2358 1929 2527 1980 διώκει·
2575 1930 2715 1994 quod
2738 1927 2791 1979 in

1717 2011 1907 2061 stultos
1943 2017 1999 2061 et
2027 2009 2226 2063 frustra
2258 2010 2555 2059 laborantes
2585 2008 2791 2057 dictita·

1719 2083 1861 2137 bant.
1920 2087 2393 2142 Casaub.—Testave
2436 2085 2614 2148 lutove]
2695 2084 2790 2134 His

1717 2164 1912 2215 utimur
1931 2167 2134 2231 quoties
2158 2180 2259 2215 nou
2299 2171 2447 2215 certo
2484 2163 2702 2214 consilio
2726 2162 2787 2212 ad

1715 2243 1997 2308 capiendas
2016 2260 2137 2296 aves
2156 2242 2454 2308 prodiimus‚
2472 2242 2565 2291 sed
2592 2248 2788 2291 temere

1715 2335 1779 2370 ac
1804 2336 1897 2384 per
1917 2322 2186 2371 lasciviam
2219 2335 2341 2370 aves
2376 2319 2573 2383 obvias,
2605 2334 2671 2370 eo
2712 2334 2790 2369 ar·

1714 2405 1869 2461 repto
1892 2398 2032 2463 quod
2055 2397 2275 2463 primum
2292 2397 2345 2446 in
2368 2411 2546 2446 manus
2567 2387 2791 2460 venerit,

1713 2472 1960 2538 petimus.
2043 2473 2245 2525 Casaub.
2346 2472 2484 2522 Vide
2550 2463 2791 2536 prov'erb.

1712 2551 1728 2578 ‘
1756 2545 1914 2601 Nuilo
1939 2565 2100 2615 scopo
2115 2551 2380 2615 jaculari.’
2411 2550 2590 2602 Lubia-

1777 2632 1843 2690 62
1875 2627 2097 2693 Secum,
2120 2629 2225 2694 δῖα]
2279 2629 2473 2679 Parum
2514 2627 2790 2692 sollicitus,

1713 2718 1816 2770 quo
1839 2712 1894 2755 te
1935 2705 2097 2770 pedes
2135 2705 2363 2756 ducant:
2416 2720 2532 2758 cum
2574 2721 2788 2756 corvum

1710 2782 1764 2832 in
1789 2781 1910 2832 aere
1933 2784 2190 2836 volantem
2219 2782 2453 2837 sectoris.
2520 2783 2675 2834 More
2701 2799 2790 2834 eo-

1710 2873 1842 2922 rum,
1866 2859 1953 2925 qui
1987 2860 2098 2920 sine
2136 2861 2408 2925 proposito
2448 2866 2790 2924 vagantur.—

1707 2937 1885 2999 Atque,
1904 2936 2010 3001 &tt-J
2041 2936 2108 2986 Id
2132 2942 2231 2999 est,
2250 2938 2305 2986 in
2328 2937 2483 3001 diem,
2507 2938 2621 2987 sine
2645 2938 2788 2988 omni

1708 3011 2003 3064 futurorum
2060 3015 2408 3065 sollicitudine
2453 3016 2598 3066 vivis.
2666 3018 2788 3066 Sine

1710 3092 1847 3141 omni
1871 3106 2016 3144 cura.
2069 3092 2382 3157 Hujnsmodi
2417 3093 2579 3143 vitam
2603 3093 2783 3144 Graeci

1707 3166 2012 3234 καθημέρινον
2041 3167 2150 3227 βίον
2183 3176 2390 3221 vocant.
2423 3170 2601 3222 Lubin.
2665 3173 2788 3242 Vel,

1708 3246 2099 3312 ᾳῖηοσχεδιάζειν
2134 3246 2224 3307 τὴν
2256 3247 2381 3309 βίον,
2400 3248 2454 3297 id
2479 3256 2582 3311 est,
2609 3248 2784 3299 vivere

1707 3325 1838 3380 sine·
1860 3326 2127 3390 proposito
2150 3333 2206 3376 et
2245 3327 2427 3377 ultimo
2465 3326 2588 3389 fine,
2625 3333 2701 3389 et,
2728 3332 2787 3376 ut

1706 3402 1935 3467 loquitur
1953 3403 2171 3464 Seneca,
2198 3404 2213 3430 ‘
2237 3402 2377 3452 aliud
2421 3404 2621 3467 agendo
2648 3404 2785 3453 vive-

1705 3478 1801 3529 re!
1826 3479 2091 3531 Cambon.
2116 3477 2254 3530 Vide
2280 3480 2523 3545 proverb.
2543 3480 2627 3530 ‘In
2644 3481 2783 3531 diem

1706 3555 1920 3606 Vivere!
1974 3556 2129 3610 Quod
2151 3556 2344 3607 dicitur
2373 3558 2439 3607 de
2463 3558 2587 3621 illis,
2605 3559 2694 3623 qui
2717 3573 2782 3609 ne

1704 3634 1772 3688 de
1805 3634 2027 3684 crastino
2067 3635 2276 3700 quidem
2319 3635 2573 3700 cogitant.
2606 3636 2783 3689 Lubim.

1770 3715 1834 3760 63
1870 3712 2193 3770 Reuehat-um,
2250 3710 2358 3776 ξω]
2434 3713 2781 3765 Quemadmo-

1705 3789 1828 3839 dum
1851 3789 2044 3839 morbis
2066 3790 2301 3853 corporis
2325 3790 2378 3838 in
2421 3797 2657 3853 tempore
2698 3803 2782 3838 re·

1703 3866 1873 3917 medio
1911 3867 2318 3918 subveniendum
2359 3873 2458 3927 est,
2494 3867 2571 3916 sic
2620 3865 2779 3915 animi

1702 3947 1895 3996 morbis
1921 3953 1979 3998 et
2003 3947 2160 4011 vitiis,
2194 3945 2249 3996 in
2284 3953 2519 4009 tempore
2542 3960 2782 4012 praecep-

1702 4022 1770 4072 tis
1809 4023 2084 4087 sapientiae
2126 4027 2522 4073 occurrendum.
2614 4022 2777 4076 Quasi

1699 4098 1874 4149 dicat:
1911 4100 1988 4150 Ut
2003 4115 2121 4151 cum
2139 4101 2251 4166 quis
2272 4100 2519 4166 hydropis
2539 4101 2777 4154 habitum

1697 4178 1799 4227 sibi
1824 4181 2106 4242 contraxit,
2140 4179 2359 4243 jamque
2387 4178 2519 4228 cutis
2542 4193 2687 4242 aegra
2719 4183 2777 4229 et

1699 4255 1961 4322 languida,
1982 4270 2118 4323 aqua
2130 4254 2368 4322 inflatur,
2385 4261 2439 4305 et
2458 4254 2779 4318 intumescit,

1697 4333 1880 4399 etjam
1902 4333 2205 4386 incurabilis
2239 4332 2447 4383 reddita
2477 4342 2589 4394 θεῖς
2642 4330 2778 4402 frus-3
