3084 4934
1124 426 1138 462 ἲ
1211 424 1483 475 SA'HRA
1537 421 1655 476 111.

350 653 662 755 NumPE
686 680 813 745 hoc
834 679 1107 745 assidue
1125 681 1156 744 'l
1195 678 1339 764 jam
1367 679 1618 744 clarum
1646 697 1840 741 mane
1857 676 2182 742 fenestras
2266 752 2269 754 v

345 781 584 862 Intrat,
615 788 689 847 et.
709 789 1026 866 angustas
1054 778 1357 847 extendit
1375 780 1620 844 lumine
1646 781 1874 845 rimas,

340 884 721 964 StertimuS‚
753 886 1148 950 indomitum
1178 883 1355 969 quod
1382 883 1775 968 despumare
1808 882 2166 948 Falernum

349 986 669 1066 Sufficiat,
699 988 927 1072 quinta
955 987 1114 1052 dum
1141 987 1318 1051 linea
1343 987 1632 1068 tangitur
1653 986 1910 1052 umbra.

415 1193 611 1243 Scilicet
626 1195 723 1245 ista
743 1196 960 1245 continuo
972 1192 998 1246 ,⁹
1029 1197 1147 1246 Jam

1161 1197 1454 1261 splendidum
1474 1198 1628 1246 lumen
1648 1182 1933 1246 matutinum
1949 1193 2220 1256 ingreditur
2227 1192 2487 1257 feneum,
2505 1178 2560 1245 εί

350 1249 449 1308 luce
468 1265 615 1323 auget
648 1266 808 1310 arctus
834 1262 1044 1311 rimulas.
1112 1262 1414 1324 Indulgemus
1445 1277 1621 1321 mmm,
1652 1262 1735 1325 qui
1755 1264 1909 1311 valeat
1928 1275 2009 1309 con

2175 1274 2201 1308 e
2222 1259 2383 1307 vinum
2400 1265 2559 1309 coctu

349 1324 556 1390 difficile,
578 1327 761 1390 quando
775 1326 1100 1413 Solissnmbra
1119 1327 1322 1390 attingit
1342 1328 1557 1391 quintam
1570 1329 1757 1377 lineum.
1826 1328 1950 1376 Ecce
1974 1325 2195 1403 quidnam
2204 1323 2337 1385 facis
2349 1321 2384 1381 ζ’,
2407 1324 2564 1380 Stena

1255 1462 1492 1482 “0006“
1498 1462 1617 1482 OO‘O

413 1567 441 1636 l
480 1560 666 1626 Nempe
679 1562 780 1613 haeo
803 1562 906 1614 Ma.
931 1563 1152 1615 Gale—9
1186 1564 1369 1616 Findor
1385 1564 1607 1616 casaub.
1632 1563 1778 1614 Edit.
1813 1563 2009 1615 Omnes
2031 1559 2344 1613 membrana
2368 1565 2559 1610 nostrae

1352 1699 1567 1753 NOTAE

422 1810 449 1855 l
474 1806 667 1875 Nempe
700 1808 928 1873 Ῐῑθθώτο]
993 1812 1244 1864 Quotidie
1283 1816 1422 1865 scili·
1498 1813 1735 1878 hicapud
1750 1809 2569 1883 Persium.Distinguuntnempe

354 1886 439 1934 cet
462 1884 575 1935 haic
591 1886 772 1935 eadem
791 1903 911 1952 ages
928 1891 1053 1940 etin
1071 1891 1266 1943 clarum
1285 1895 1422 1945 diem

358 1964 583 2011 stertes?
634 1963 804 2028 inquit
837 1976 1134 2032 praeceptor
1173 1971 1238 2020 ad
1275 1972 1424 2022 disci-

357 2040 525 2110 pulos,
545 2040 907 2108 PhilosophuS,
941 2044 1168 2111 inquam,
1189 2047 1257 2097 ad
1272 2048 1424 2112 juve-

357 2130 448 2165 nes
473 2113 572 2165 sibi
593 2119 907 2182 commissos,
941 2127 998 2168 et
1019 2135 1164 2173 suam
1201 2123 1253 2172 in
1274 2113 1426 2185 disci-

359 2184 549 2257 ⁴plinam
573 2194 812 2244 traditos.
936 2191 945 2197 “

425 2269 596 2334 Mane]
650 2270 746 2320 Est
781 2272 946 2322 clarus
985 2273 1114 2337 dies,
1155 2280 1291 2325 teste
1312 2276 1428 2325 Ma-

358 2346 556 2409 crobio,
592 2361 746 2411 quem
785 2349 903 2413 lege
939 2351 1192 2403 Saturnal.
1215 2366 1254 2403 1.
1290 2357 1339 2403 3.
1372 2357 1428 2403 et

363 2422 499 2471 Geli.
525 2437 609 2473 111.
632 2428 680 2473 2.

422 2505 454 2549 2
495 2502 749 2568 Extmdit]
800 2502 1037 2553 Latiares
1075 2505 1230 2555 rimas
1270 2520 1427 2569 appa·

360 2576 474 2626 rere
492 2575 692 2627 faciunt
715 2579 844 2627 radii
871 2582 1060 2631 solares
1078 2582 1373 2633 intromissi.

424 2659 453 2703 3
488 2652 764 2721 Stertimus]
806 2657 1149 2708 Subtimidam
1188 2660 1427 2724 increpa·

361 2731 551 2781 tionem
572 2731 626 2781 in
666 2733 834 2797 prima
871 2749 1093 2799 persona
1127 2736 1211 2785 hic
1252 2735 1427 2785 obser-

359 2814 487 2858 vant
529 2810 779 2875 nonnulli,
813 2816 869 2860 et
891 2812 1303 2876 condiscipulum
1336 2828 1425 2877 po·

359 2880 461 2936 tius
485 2902 640 2952 quam
661 2889 957 2949 magistrum
976 2889 1193 2939 indicari
1212 2891 1423 2953 volunt3

362 2963 452 3013 sed
473 2963 597 3028 quid
620 2964 767 3014 obest
790 2967 1092 3030 magistrum
1111 2966 1184 3016 lta
1205 2967 1430 3033 discipu·

362 3041 439 3090 los
465 3042 734 3104 increpare
761 3049 815 3092 et
839 3044 1050 3108 quidem
1075 3044 1297 3093 acriter?

424 3119 716 3169 Indomitum
758 3120 1035 3183 Falernum]
1091 3119 1285 3171 Athen.
1310 3123 1348 3171 l.
1391 3137 1430 3174 1.

363 3193 682 3259 Campanum
726 3197 854 3246 illud
913 3196 1089 3248 vinum
1150 3197 1433 3251 difficulter

230 3286 236 3299 ·
254 3256 303 3337 ζ,
359 3272 614 3337 concoqui
640 3271 880 3324 affirmat.

426 3348 738 3413 Despumare]
789 3351 1022 3416 Metaph.
1064 3367 1095 3402 a
1131 3361 1319 3417 musto,
1349 3353 1436 3403 vel

362 3425 518 3475 etiam
542 3441 600 3476 re
623 3424 735 3476 fere
776 3428 1028 3493 qualibet,
1067 3445 1181 3495 quae
1215 3446 1319 3481 non
1343 3446 1430 3481 co-

362 3503 555 3568 quitur,
571 3503 674 3553 nisi
696 3506 828 3554 actis
853 3507 1062 3570 spumiS.

425 3585 457 3630 4
494 3581 675 3638 Quinta
708 3584 820 3632 dum
852 3585 976 3633 linea
1014 3585 1232 3648 tangitur
1252 3586 1436 3650 umbra]

364 3655 678 3722 Hypallage.
735 3658 799 3708 Id
824 3667 924 3721 est,
946 3660 1067 3710 dum
1091 3661 1145 3710 in
1169 3663 1325 3713 solari
1349 3663 1438 3712 ho-

361 3733 557 3798 rologio
577 3735 759 3784 umbra
778 3737 948 3800 tangit
979 3738 1207 3803 quintam
1228 3739 1437 3802 lineam,

364 3809 595 3874 adeoque
616 3819 765 3860 notat
786 3813 963 3861 horam
995 3814 1246 3879 quintam.
1310 3816 1436 3867 Duo

363 3886 447 3936 hic
489 3887 830 3958 explicanda:
888 3891 1128 3955 alterum,
1182 3888 1436 3957 quomodo

365 3962 685 4029 intelligatur
704 3966 834 4014 hora
851 3966 941 4016 illa
964 3969 1147 4033 quinta
1166 3986 1179 4018 z
1217 3971 1436 4020 alterum

366 4048 464 4105 est,
483 4042 664 4091 solaris
684 4042 936 4107 horologii
947 4046 1249 4111 antiquitas.
1285 4048 1439 4099 Quod

368 4116 434 4167 ad
451 4118 674 4181 primum
692 4119 900 4184 attinet,
920 4119 1295 4186 observandum
1319 4139 1442 4189 quo·-

1500 1892 1658 1954 diem,
1673 1891 1825 1940 alium
1847 1890 2072 1951 civilem,
2089 1886 2243 1936 alium
2262 1885 2573 1933 naturalem.

1502 1969 1608 2018 Hic
1634 1968 1698 2017 ab
1738 1966 1873 2016 Ortu
1908 1964 2043 2015 Solis
2081 1964 2147 2013 ad
2188 1963 2446 2012 occasum
2484 1972 2573 2008 ex-

1506 2044 1767 2103 tenditur3
1804 2043 1913 2104 ille,
1934 2048 2140 2091 noctem
2164 2039 2314 2088 simul
2347 2043 2403 2086 et
2437 2028 2572 2085 diem·

1507 2120 1761 2183 continet,
1783 2118 1912 2168 etin
1951 2117 2102 2166 horas
2135 2114 2321 2179 viginti
2350 2118 2576 2177 quatuor

1506 2195 1854 2245 distribuitur.
1913 2193 2079 2242 Porro
2098 2191 2236 2239 diem
2260 2187 2463 2239 ciuilem
2487 2186 2577 2236 alii

1506 2274 1664 2323 aliter
1683 2270 2045 2336 {definierunt3
2098 2268 2279 2316 Persae
2311 2271 2366 2315 et
2403 2262 2576 2326 Baby-

1509 2349 1651 2411 lonii,
1687 2349 1826 2397 inter
1857 2347 1986 2395 duos
2018 2345 2151 2394 Solis
2190 2350 2437 2393 exortus:
2487 2339 2576 2389 ΙΕ-

1510 2426 1697 2490 gyptii,
1739 2423 2105 2485 Atheniense5‚
2139 2428 2198 2471 et
2247 2433 2385 2468 nunc
2429 2415 2576 2479 Itali,

1509 2504 1716 2553 Occasu
1737 2501 1872 2552 Solis
1893 2508 1921 2550 τ’
1941 2499 2150 2549 Etrusci
2170 2503 2226 2547 et
2245 2494 2453 2558 Umbri,
2472 2508 2580 2543 me·

1508 2580 1766 2630 ridiebus:
1793 2578 1882 2628 alii
1904 2576 2086 2626 mediis
2108 2574 2370 2634 noctibus,
2390 2579 2453 2622 ut
2474 2571 2579 2621 Ros

1505 2657 1646 2707 mani
1667 2656 1804 2718 olim,
1826 2661 1882 2704 et
1915 2668 2007 2704 nos
2024 2653 2196 2716 hodie,
2220 2651 2429 2715 aliique,
2452 2647 2579 2698 faci·

1505 2749 1636 2783 mus.
1705 2734 1776 2782 At
1812 2731 1924 2781 dies
1959 2729 2210 2779 naturalis
2244 2728 2337 2794 (de
2368 2740 2468 2792 quo
2490 2727 2578 2775 hic

1507 2818 1589 2861 est
1609 2807 1846 2881 mentio),
1886 2808 1973 2873 qui
1996 2806 2149 2856 modo
2179 2804 2403 2866 brevior,
2426 2802 2581 2853 modo

1507 2888 1709 2952 longior
1731 2900 1827 2951 pro
1859 2884 2060 2934 rntioue
2094 2890 2384 2945 temporum
2408 2886 2463 2929 et
2495 2878 2584 2929 cll*

1510 2970 1724 3023 matum,
1749 2960 2000 3010 dividitur
2028 2958 2083 3008 in
2116 2957 2268 3007 hora·
2288 2971 2379 3005 seu
2403 2961 2582 3019 partes

1511 3041 1783 3091 duodecim
1807 3040 1947 3088 inter
1970 3053 2025 3088 se
2048 3036 2292 3102 aequales,
2324 3034 2583 3098 longiores

1512 3119 1722 3184 quidem
1746 3122 1947 3180 aestate,
1977 3130 2094 3165 cum
2130 3113 2330 3178 longior
2351 3119 2433 3162 est
2456 3110 2587 3174 dies,

1508 3197 1694 3265 hyeme
1727 3207 1854 3243 vero
1893 3192 2176 3242 breviores·
2247 3189 2419 3253 Hujus
2457 3186 2586 3237 hora

1511 3273 1680 3338 prima
1698 3277 1779 3322 est
1800 3269 1929 3320 Solis
1954 3275 2117 3331 ortus,
2142 3272 2291 3317 sexta
2323 3265 2588 3328 meridieS,

1513 3336 1824 3401 duodecima
1845 3347 1977 3396 Solis
1997 3342 2227 3396 occasus.
2266 3344 2452 3408 Itaque
2480 3341 2587 3390 lto-²

1513 3444 1633 3490 mae,
1660 3426 1749 3476 ubi
1787 3426 1898 3474 dies
1935 3423 2138 3487 longior
2171 3418 2463 3471 solstitialis
2494 3416 2588 3468 ‘est

1514 3506 1753 3554 horarum
1777 3501 1939 3552 ferme
1982 3499 2297 3566 quindecim,
2334 3499 2458 3547 hora
2497 3494 2592 3548 illa

1515 3572 1698 3647 quinte
1717 3580 1854 3630 cirea
1890 3576 2164 3627 solstitium
2197 3574 2435 3624 aestivum
2460 3572 2591 3624 reei-

1517 3659 1673 3709 deret
1695 3657 1763 3707 ad
1800 3662 2029 3705 nostram
2069 3653 2325 3703 decimam
2357 3666 2472 3702 cum
2497 3650 2590 3701 tri-

1519 3736 1615 3786 bus
1636 3731 2039 3800 quadrantibus3
2095 3738 2151 3779 et
2188 3729 2331 3778 circa
2368 3728 2591 3778 Canicu-

1517 3815 1643 3875 lam,
1668 3810 1733 3861 de
1774 3826 1875 3876 qua
1907 3809 1993 3859 hic
2032 3807 2261 3870 Persius,
2293 3811 2435 3855 esset
2464 3806 2594 3854 hora

1518 3888 1636 3956 ipsa
1657 3889 1945 3951 undecima,
1966 3891 2057 3935 aut
2090 3898 2192 3934 non
2232 3883 2399 3933 multo
2418 3896 2593 3934 secus.

1516 3967 1651 4019 Vide
1675 3966 1811 4017 Pliu.
1828 3979 1891 4014 11.
1915 3968 1998 4015 76.
2024 3969 2078 4011 et
2110 3966 2193 4011 77.
2218 3970 2274 4010 et
2298 3961 2329 4011 l.
2353 3974 2453 4009 vn.
2473 3973 2593 4024 cap.

1518 4045 1722 4094 ultimo.
1764 4039 2004 4092 Macrob.
2024 4039 2137 4089 Sat.
2160 4053 2200 4088 1.
2222 4040 2274 4087 3.
2319 4036 2597 4111 Οοείἆὶὶιοζ

1521 4121 1683 4187 digin.
1710 4132 1814 4170 ιιι.
1837 4124 1885 4169 9.
1938 4116 2089 4167 Alex.
2115 4106 2194 4165 ‘ab
2234 4114 2387 4163 Alex.
2409 4128 2484 4162 ιν.
2509 4117 2595 4164 20.

338 4194 468 4257 ,ties
490 4191 627 4260 apud
668 4195 925 4247 Auctores
966 4214 1056 4249 seu
1096 4200 1314 4251 Graecos
1351 4215 1443 4250 seu
1520 4196 1683 4250 'Quod
1724 4200 1931 4260 spectet
1978 4193 2044 4243 ad
2086 4191 2352 4255 horologia
2389 4189 2599 4252 solaria,

370 4273 581 4323 Latinos
620 4274 861 4323 horarum
899 4275 962 4324 fit
995 4276 1210 4340 mentio,
1239 4290 1445 4343 semper
1526 4269 1835 4337 illorumque
1880 4269 2265 4335 antiquitatem,
2335 4264 2380 4315 si
2421 4265 2597 4314 Plinio

375 4347 708 4414 accipiendas
729 4350 882 4401 horas
904 4350 1009 4401 diei
1022 4351 1290 4418 naturalis,
1312 4352 1447 4402 sicut
1528 4349 1682 4418 fidos,
1722 4349 1918 4416 primus
1981 4359 2157 4427 eorum
2217 4343 2457 4394 inventor
2497 4339 2600 4392 fuit
