<?xml version="1.0" encoding="UTF-8"?>
<!DOCTYPE html PUBLIC "-//W3C//DTD XHTML 1.0 Transitional//EN"
    "http://www.w3.org/TR/xhtml1/DTD/xhtml1-transitional.dtd">
<html xmlns="http://www.w3.org/1999/xhtml" xml:lang="en" lang="en">
 <head>
  <title>
</title>
<meta http-equiv="Content-Type" content="text/html;charset=utf-8" />
  <meta name='ocr-system' content='tesseract 3.04.00' />
  <meta name='ocr-capabilities' content='ocr_page ocr_carea ocr_par ocr_line ocrx_word'/>
</head>
<body>
  <div class='ocr_page' id='page_1' title='image "./operaomnia00persgoog_0242.png"; bbox 0 0 3084 4934; ppageno 0'>
   <div class='ocr_carea' id='block_1_1' title="bbox 525 409 660 499">
    <p class='ocr_par' dir='ltr' id='par_1_1' title="bbox 525 409 660 499">
     <span class='ocr_line' id='line_1_1' title="bbox 525 409 660 499; baseline 0 0"><span class='ocrx_word' id='word_1_1' title='bbox 525 409 660 499; x_wconf 61' lang='lat'>⁶228</span> 
     </span>
    </p>
   </div>
   <div class='ocr_carea' id='block_1_2' title="bbox 460 568 1595 4346">
    <p class='ocr_par' dir='ltr' id='par_1_2' title="bbox 521 568 1595 1176">
     <span class='ocr_line' id='line_1_2' title="bbox 525 568 1594 639; baseline -0.001 -16"><span class='ocrx_word' id='word_1_2' title='bbox 525 572 667 623; x_wconf 84' lang='lat' dir='ltr'>sani:</span> <span class='ocrx_word' id='word_1_3' title='bbox 705 570 795 639; x_wconf 79' lang='lat' dir='ltr'>qui</span> <span class='ocrx_word' id='word_1_4' title='bbox 816 568 1067 623; x_wconf 79' lang='lat' dir='ltr'>censebat</span> <span class='ocrx_word' id='word_1_5' title='bbox 1100 584 1184 622; x_wconf 86' lang='lat' dir='ltr'>res</span> <span class='ocrx_word' id='word_1_6' title='bbox 1223 576 1334 626; x_wconf 74' lang='lat' dir='ltr'>tum</span> <span class='ocrx_word' id='word_1_7' title='bbox 1365 571 1594 626; x_wconf 81' lang='lat' dir='ltr'>maxime</span> 
     </span>
     <span class='ocr_line' id='line_1_3' title="bbox 525 649 1595 715; baseline 0.002 -15"><span class='ocrx_word' id='word_1_8' title='bbox 525 662 786 715; x_wconf 76' lang='lat' dir='ltr'>crescere,</span> <span class='ocrx_word' id='word_1_9' title='bbox 819 663 936 700; x_wconf 86' lang='lat' dir='ltr'>cum</span> <span class='ocrx_word' id='word_1_10' title='bbox 975 650 1197 702; x_wconf 77' lang='lat' dir='ltr'>maxime</span> <span class='ocrx_word' id='word_1_11' title='bbox 1230 649 1595 702; x_wconf 84' lang='lat' dir='ltr'>imminueren-</span> 
     </span>
     <span class='ocr_line' id='line_1_4' title="bbox 525 727 1595 793; baseline 0 -13"><span class='ocrx_word' id='word_1_12' title='bbox 525 728 883 780; x_wconf 74' lang='lat' dir='ltr'>tur..-cmcie</span> <span class='ocrx_word' id='word_1_13' title='bbox 904 727 1042 792; x_wconf 74' lang='lat' dir='ltr'>ager]</span> <span class='ocrx_word' id='word_1_14' title='bbox 1085 729 1225 782; x_wconf 83' lang='lat' dir='ltr'>Mire</span> <span class='ocrx_word' id='word_1_15' title='bbox 1246 728 1492 793; x_wconf 77' lang='lat' dir='ltr'>exprimit</span> <span class='ocrx_word' id='word_1_16' title='bbox 1513 745 1595 780; x_wconf 91' lang='lat' dir='ltr'>su-</span> 
     </span>
     <span class='ocr_line' id='line_1_5' title="bbox 522 806 1595 872; baseline 0.001 -15"><span class='ocrx_word' id='word_1_17' title='bbox 522 806 938 872; x_wconf 84' lang='lat' dir='ltr'>perstitiosorum</span> <span class='ocrx_word' id='word_1_18' title='bbox 958 822 1122 872; x_wconf 82' lang='lat' dir='ltr'>spem,</span> <span class='ocrx_word' id='word_1_19' title='bbox 1144 813 1199 858; x_wconf 89' lang='lat' dir='ltr'>et</span> <span class='ocrx_word' id='word_1_20' title='bbox 1220 822 1340 858; x_wconf 80' lang='lat' dir='ltr'>mox</span> <span class='ocrx_word' id='word_1_21' title='bbox 1361 806 1595 858; x_wconf 77' lang='lat' dir='ltr'>subtexit</span> 
     </span>
     <span class='ocr_line' id='line_1_6' title="bbox 521 883 1594 948; baseline -0.001 -13"><span class='ocrx_word' id='word_1_22' title='bbox 521 890 788 935; x_wconf 81' lang='lat' dir='ltr'>eventum.</span> <span class='ocrx_word' id='word_1_23' title='bbox 851 883 1069 934; x_wconf 78' lang='lat' dir='ltr'><strong>Tamdiu</strong></span> <span class='ocrx_word' id='word_1_24' title='bbox 1093 891 1271 948; x_wconf 86' lang='lat' dir='ltr'>sperat</span> <span class='ocrx_word' id='word_1_25' title='bbox 1293 898 1481 934; x_wconf 81' lang='lat' dir='ltr'>avarus</span> <span class='ocrx_word' id='word_1_26' title='bbox 1503 884 1594 934; x_wconf 88' lang='lat' dir='ltr'>ille</span> 
     </span>
     <span class='ocr_line' id='line_1_7' title="bbox 522 959 1595 1026; baseline 0.002 -14"><span class='ocrx_word' id='word_1_27' title='bbox 522 960 931 1025; x_wconf 75' lang='lat' dir='ltr'>superstitiosus,</span> <span class='ocrx_word' id='word_1_28' title='bbox 944 959 1113 1011; x_wconf 87' lang='lat' dir='ltr'>donec</span> <span class='ocrx_word' id='word_1_29' title='bbox 1129 960 1416 1026; x_wconf 71' lang='lat' dir='ltr'><strong>splendidis</strong></span> <span class='ocrx_word' id='word_1_30' title='bbox 1433 960 1595 1014; x_wconf 84' lang='lat' dir='ltr'>sacri·</span> 
     </span>
     <span class='ocr_line' id='line_1_8' title="bbox 521 1033 1595 1101; baseline 0.003 -15"><span class='ocrx_word' id='word_1_31' title='bbox 521 1033 655 1086; x_wconf 79' lang='lat' dir='ltr'>ficiis</span> <span class='ocrx_word' id='word_1_32' title='bbox 674 1034 741 1085; x_wconf 86' lang='lat' dir='ltr'>ad</span> <span class='ocrx_word' id='word_1_33' title='bbox 766 1041 1130 1101; x_wconf 68' lang='lat' dir='ltr'><strong>paupertatem</strong></span> <span class='ocrx_word' id='word_1_34' title='bbox 1163 1036 1232 1088; x_wconf 87' lang='lat' dir='ltr'>sit</span> <span class='ocrx_word' id='word_1_35' title='bbox 1264 1036 1595 1090; x_wconf 76' lang='lat' dir='ltr'>redactus.—</span> 
     </span>
     <span class='ocr_line' id='line_1_9' title="bbox 525 1111 1496 1176; baseline 0.003 -15"><span class='ocrx_word' id='word_1_36' title='bbox 525 1111 686 1176; x_wconf 72' lang='lat' dir='ltr'>Oeile]</span> <span class='ocrx_word' id='word_1_37' title='bbox 721 1113 923 1176; x_wconf 77' lang='lat' dir='ltr'>Gregcs</span> <span class='ocrx_word' id='word_1_38' title='bbox 946 1120 1002 1165; x_wconf 89' lang='lat' dir='ltr'>et</span> <span class='ocrx_word' id='word_1_39' title='bbox 1025 1120 1276 1166; x_wconf 83' lang='lat' dir='ltr'>armenta.</span> <span class='ocrx_word' id='word_1_40' title='bbox 1343 1115 1496 1166; x_wconf 74' lang='lat' dir='ltr'>Idem.</span> 
     </span>
    </p>

    <p class='ocr_par' dir='ltr' id='par_1_3' title="bbox 585 1190 1591 1258">
     <span class='ocr_line' id='line_1_10' title="bbox 585 1190 1591 1258; baseline 0.006 -21"><span class='ocrx_word' id='word_1_41' title='bbox 585 1193 652 1238; x_wconf 84' lang='lat'>60</span> <span class='ocrx_word' id='word_1_42' title='bbox 684 1191 818 1253; x_wconf 79' lang='lat' dir='ltr'>Jam,</span> <span class='ocrx_word' id='word_1_43' title='bbox 854 1190 959 1255; x_wconf 54' lang='grc' dir='ltr'>ξω]</span> <span class='ocrx_word' id='word_1_44' title='bbox 1009 1191 1074 1241; x_wconf 87' lang='lat' dir='ltr'>Id</span> <span class='ocrx_word' id='word_1_45' title='bbox 1098 1192 1237 1258; x_wconf 87' lang='lat' dir='ltr'>quod</span> <span class='ocrx_word' id='word_1_46' title='bbox 1275 1198 1421 1243; x_wconf 82' lang='lat' dir='ltr'>tanto</span> <span class='ocrx_word' id='word_1_47' title='bbox 1462 1199 1591 1243; x_wconf 85' lang='lat' dir='ltr'>tem-</span> 
     </span>
    </p>

    <p class='ocr_par' dir='ltr' id='par_1_4' title="bbox 498 1267 1592 2788">
     <span class='ocr_line' id='line_1_11' title="bbox 519 1267 1591 1332; baseline 0.003 -18"><span class='ocrx_word' id='word_1_48' title='bbox 519 1280 644 1331; x_wconf 88' lang='lat' dir='ltr'>pore</span> <span class='ocrx_word' id='word_1_49' title='bbox 668 1271 749 1316; x_wconf 86' lang='lat' dir='ltr'>tot</span> <span class='ocrx_word' id='word_1_50' title='bbox 780 1267 1151 1320; x_wconf 83' lang='lat' dir='ltr'>sacrificiorum</span> <span class='ocrx_word' id='word_1_51' title='bbox 1185 1267 1429 1332; x_wconf 73' lang='lat' dir='ltr'>impensis</span> <span class='ocrx_word' id='word_1_52' title='bbox 1452 1268 1591 1332; x_wconf 84' lang='lat' dir='ltr'>petis</span> 
     </span>
     <span class='ocr_line' id='line_1_12' title="bbox 519 1345 1591 1411; baseline -0.001 -18"><span class='ocrx_word' id='word_1_53' title='bbox 519 1349 577 1393; x_wconf 89' lang='lat' dir='ltr'>et</span> <span class='ocrx_word' id='word_1_54' title='bbox 614 1345 1102 1408; x_wconf 54' lang='lat' dir='ltr'>exspectan—dam,</span> <span class='ocrx_word' id='word_1_55' title='bbox 1125 1345 1258 1411; x_wconf 75' lang='lat' dir='ltr'>jam]</span> <span class='ocrx_word' id='word_1_56' title='bbox 1289 1345 1591 1409; x_wconf 81' lang='lat' dir='ltr'>Epizeuxis‚</span> 
     </span>
     <span class='ocr_line' id='line_1_13' title="bbox 521 1423 1592 1489; baseline 0.006 -19"><span class='ocrx_word' id='word_1_57' title='bbox 521 1436 619 1486; x_wconf 89' lang='lat' dir='ltr'>per</span> <span class='ocrx_word' id='word_1_58' title='bbox 661 1423 946 1473; x_wconf 79' lang='lat' dir='ltr'>irrisionem</span> <span class='ocrx_word' id='word_1_59' title='bbox 988 1424 1442 1485; x_wconf 53' lang='lat' dir='ltr'>Poeta—Donec,</span> <span class='ocrx_word' id='word_1_60' title='bbox 1484 1425 1592 1489; x_wconf 54' lang='lat' dir='ltr'>aaz]</span> 
     </span>
     <span class='ocr_line' id='line_1_14' title="bbox 517 1499 1591 1565; baseline 0.006 -18"><span class='ocrx_word' id='word_1_61' title='bbox 517 1499 737 1549; x_wconf 83' lang='lat' dir='ltr'>Tamdiu</span> <span class='ocrx_word' id='word_1_62' title='bbox 777 1507 955 1564; x_wconf 87' lang='lat' dir='ltr'>sperat</span> <span class='ocrx_word' id='word_1_63' title='bbox 997 1507 1054 1551; x_wconf 88' lang='lat' dir='ltr'>et</span> <span class='ocrx_word' id='word_1_64' title='bbox 1097 1501 1376 1565; x_wconf 85' lang='lat' dir='ltr'>sacrificat,</span> <span class='ocrx_word' id='word_1_65' title='bbox 1424 1501 1591 1553; x_wconf 81' lang='lat' dir='ltr'>donec</span> 
     </span>
     <span class='ocr_line' id='line_1_15' title="bbox 518 1576 1590 1644; baseline 0.007 -18"><span class='ocrx_word' id='word_1_66' title='bbox 518 1576 732 1627; x_wconf 85' lang='lat' dir='ltr'>tandem</span> <span class='ocrx_word' id='word_1_67' title='bbox 776 1576 847 1628; x_wconf 86' lang='lat' dir='ltr'>ad</span> <span class='ocrx_word' id='word_1_68' title='bbox 884 1582 1172 1628; x_wconf 82' lang='lat' dir='ltr'>extremam</span> <span class='ocrx_word' id='word_1_69' title='bbox 1223 1585 1590 1644; x_wconf 73' lang='lat' dir='ltr'><strong>paupertatem</strong></span> 
     </span>
     <span class='ocr_line' id='line_1_16' title="bbox 518 1651 1590 1720; baseline 0.003 -19"><span class='ocrx_word' id='word_1_70' title='bbox 518 1651 767 1704; x_wconf 83' lang='lat' dir='ltr'>redactus</span> <span class='ocrx_word' id='word_1_71' title='bbox 789 1654 876 1717; x_wconf 87' lang='lat' dir='ltr'>sit,</span> <span class='ocrx_word' id='word_1_72' title='bbox 913 1654 1081 1705; x_wconf 88' lang='lat' dir='ltr'>donec</span> <span class='ocrx_word' id='word_1_73' title='bbox 1105 1670 1273 1720; x_wconf 85' lang='lat' dir='ltr'>neque</span> <span class='ocrx_word' id='word_1_74' title='bbox 1298 1669 1399 1718; x_wconf 82' lang='lat' dir='ltr'>res,</span> <span class='ocrx_word' id='word_1_75' title='bbox 1417 1670 1590 1720; x_wconf 83' lang='lat' dir='ltr'>neque</span> 
     </span>
     <span class='ocr_line' id='line_1_17' title="bbox 517 1731 1591 1796; baseline 0.004 -18"><span class='ocrx_word' id='word_1_76' title='bbox 517 1744 640 1793; x_wconf 83' lang='lat' dir='ltr'>spes</span> <span class='ocrx_word' id='word_1_77' title='bbox 677 1731 897 1794; x_wconf 85' lang='lat' dir='ltr'>amplius</span> <span class='ocrx_word' id='word_1_78' title='bbox 921 1731 993 1780; x_wconf 88' lang='lat' dir='ltr'>illi</span> <span class='ocrx_word' id='word_1_79' title='bbox 1016 1731 1591 1796; x_wconf 76' lang='lat' dir='ltr'>supersit.-—Deceptus]</span> 
     </span>
     <span class='ocr_line' id='line_1_18' title="bbox 514 1804 1589 1874; baseline 0.004 -20"><span class='ocrx_word' id='word_1_80' title='bbox 514 1804 668 1855; x_wconf 82' lang='lat' dir='ltr'>Vana</span> <span class='ocrx_word' id='word_1_81' title='bbox 701 1822 796 1871; x_wconf 88' lang='lat' dir='ltr'>spe</span> <span class='ocrx_word' id='word_1_82' title='bbox 819 1815 875 1858; x_wconf 90' lang='lat' dir='ltr'>et</span> <span class='ocrx_word' id='word_1_83' title='bbox 899 1808 1589 1874; x_wconf 66' lang='lat' dir='ltr'>exspectatione.—Eoespes]</span> 
     </span>
     <span class='ocr_line' id='line_1_19' title="bbox 514 1884 1590 1951; baseline 0.006 -17"><span class='ocrx_word' id='word_1_84' title='bbox 514 1884 820 1949; x_wconf 84' lang='lat' dir='ltr'>Desperans</span> <span class='ocrx_word' id='word_1_85' title='bbox 851 1886 963 1951; x_wconf 78' lang='lat' dir='ltr'>jam</span> <span class='ocrx_word' id='word_1_86' title='bbox 1006 1885 1073 1936; x_wconf 88' lang='lat' dir='ltr'>de</span> <span class='ocrx_word' id='word_1_87' title='bbox 1116 1887 1476 1940; x_wconf 77' lang='lat' dir='ltr'>incolumitate</span> <span class='ocrx_word' id='word_1_88' title='bbox 1531 1896 1590 1940; x_wconf 89' lang='lat' dir='ltr'>et</span> 
     </span>
     <span class='ocr_line' id='line_1_20' title="bbox 514 1964 1437 2026; baseline 0.007 -17"><span class='ocrx_word' id='word_1_89' title='bbox 514 1969 774 2026; x_wconf 86' lang='lat' dir='ltr'>proventu</span> <span class='ocrx_word' id='word_1_90' title='bbox 798 1977 968 2014; x_wconf 87' lang='lat' dir='ltr'>rerum</span> <span class='ocrx_word' id='word_1_91' title='bbox 992 1978 1217 2015; x_wconf 83' lang='lat' dir='ltr'>suarum.</span> <span class='ocrx_word' id='word_1_92' title='bbox 1286 1964 1437 2015; x_wconf 79' lang='lat' dir='ltr'>Idem.</span> 
     </span>
     <span class='ocr_line' id='line_1_21' title="bbox 498 2040 1586 2105; baseline -0.001 -13"><span class='ocrx_word' id='word_1_93' title='bbox 498 2087 507 2092; x_wconf 90' lang='lat'>-</span> <span class='ocrx_word' id='word_1_94' title='bbox 579 2042 642 2088; x_wconf 99' lang='grc'>51</span> <span class='ocrx_word' id='word_1_95' title='bbox 678 2040 1015 2103; x_wconf 73' lang='grc' dir='ltr'>Νεφιίοφιαηι,</span> <span class='ocrx_word' id='word_1_96' title='bbox 1048 2040 1156 2105; x_wconf 57' lang='grc' dir='ltr'>ξω]</span> <span class='ocrx_word' id='word_1_97' title='bbox 1191 2042 1411 2092; x_wconf 78' lang='lat' dir='ltr'>Frustra</span> <span class='ocrx_word' id='word_1_98' title='bbox 1448 2041 1586 2092; x_wconf 85' lang='lat' dir='ltr'>enim</span> 
     </span>
     <span class='ocr_line' id='line_1_22' title="bbox 514 2115 1588 2185; baseline 0.005 -19"><span class='ocrx_word' id='word_1_99' title='bbox 514 2117 568 2166; x_wconf 89' lang='lat' dir='ltr'>in</span> <span class='ocrx_word' id='word_1_100' title='bbox 607 2115 769 2170; x_wconf 82' lang='lat' dir='ltr'>fundo</span> <span class='ocrx_word' id='word_1_101' title='bbox 812 2126 896 2170; x_wconf 85' lang='lat' dir='ltr'>est</span> <span class='ocrx_word' id='word_1_102' title='bbox 941 2118 1588 2185; x_wconf 75' lang='lat' dir='ltr'>parsimonia.—Suspiret]</span> 
     </span>
     <span class='ocr_line' id='line_1_23' title="bbox 511 2194 1589 2262; baseline 0.002 -18"><span class='ocrx_word' id='word_1_103' title='bbox 511 2194 752 2258; x_wconf 82' lang='lat' dir='ltr'>Metaph.</span> <span class='ocrx_word' id='word_1_104' title='bbox 767 2195 834 2245; x_wconf 82' lang='lat' dir='ltr'>ab</span> <span class='ocrx_word' id='word_1_105' title='bbox 849 2196 1173 2258; x_wconf 77' lang='lat' dir='ltr'>animalibus,</span> <span class='ocrx_word' id='word_1_106' title='bbox 1185 2203 1311 2262; x_wconf 87' lang='lat' dir='ltr'>tanq</span> <span class='ocrx_word' id='word_1_107' title='bbox 1318 2212 1432 2246; x_wconf 86' lang='lat' dir='ltr'>uam</span> <span class='ocrx_word' id='word_1_108' title='bbox 1443 2212 1589 2253; x_wconf 83' lang='lat' dir='ltr'>num-</span> 
     </span>
     <span class='ocr_line' id='line_1_24' title="bbox 512 2271 1589 2334; baseline 0 -11"><span class='ocrx_word' id='word_1_109' title='bbox 512 2287 629 2323; x_wconf 90' lang='lat' dir='ltr'>mus</span> <span class='ocrx_word' id='word_1_110' title='bbox 649 2273 702 2323; x_wconf 89' lang='lat' dir='ltr'>in</span> <span class='ocrx_word' id='word_1_111' title='bbox 724 2271 887 2326; x_wconf 82' lang='lat' dir='ltr'>fundo</span> <span class='ocrx_word' id='word_1_112' title='bbox 925 2289 1062 2326; x_wconf 80' lang='lat' dir='ltr'>arcae</span> <span class='ocrx_word' id='word_1_113' title='bbox 1100 2275 1240 2324; x_wconf 86' lang='lat' dir='ltr'>solus</span> <span class='ocrx_word' id='word_1_114' title='bbox 1266 2273 1500 2334; x_wconf 86' lang='lat' dir='ltr'>relictus,</span> <span class='ocrx_word' id='word_1_115' title='bbox 1527 2273 1589 2323; x_wconf 83' lang='lat' dir='ltr'>ti·</span> 
     </span>
     <span class='ocr_line' id='line_1_25' title="bbox 512 2352 1587 2416; baseline 0.006 -16"><span class='ocrx_word' id='word_1_116' title='bbox 512 2364 655 2408; x_wconf 75' lang='lat' dir='ltr'>more</span> <span class='ocrx_word' id='word_1_117' title='bbox 687 2353 834 2415; x_wconf 84' lang='lat' dir='ltr'>quasi</span> <span class='ocrx_word' id='word_1_118' title='bbox 874 2352 1179 2416; x_wconf 81' lang='lat' dir='ltr'>ingemiscat</span> <span class='ocrx_word' id='word_1_119' title='bbox 1214 2352 1297 2402; x_wconf 87' lang='lat' dir='ltr'>vel</span> <span class='ocrx_word' id='word_1_120' title='bbox 1339 2353 1587 2416; x_wconf 74' lang='lat' dir='ltr'>suspiret,</span> 
     </span>
     <span class='ocr_line' id='line_1_26' title="bbox 512 2426 1586 2492; baseline 0.004 -17"><span class='ocrx_word' id='word_1_121' title='bbox 512 2426 660 2492; x_wconf 83' lang='lat' dir='ltr'>quasi</span> <span class='ocrx_word' id='word_1_122' title='bbox 694 2442 931 2480; x_wconf 80' lang='lat' dir='ltr'>nummus</span> <span class='ocrx_word' id='word_1_123' title='bbox 967 2444 999 2477; x_wconf 88' lang='lat' dir='ltr'>a</span> <span class='ocrx_word' id='word_1_124' title='bbox 1033 2428 1186 2478; x_wconf 83' lang='lat' dir='ltr'>sociis</span> <span class='ocrx_word' id='word_1_125' title='bbox 1219 2428 1497 2482; x_wconf 66' lang='lat' dir='ltr'>destitutus,</span> <span class='ocrx_word' id='word_1_126' title='bbox 1527 2434 1586 2479; x_wconf 83' lang='lat' dir='ltr'>et</span> 
     </span>
     <span class='ocr_line' id='line_1_27' title="bbox 509 2500 1583 2569; baseline 0.004 -17"><span class='ocrx_word' id='word_1_127' title='bbox 509 2500 795 2556; x_wconf 73' lang='lat' dir='ltr'>frustratus</span> <span class='ocrx_word' id='word_1_128' title='bbox 833 2505 1079 2569; x_wconf 78' lang='lat' dir='ltr'>suspiret,</span> <span class='ocrx_word' id='word_1_129' title='bbox 1124 2505 1304 2556; x_wconf 88' lang='lat' dir='ltr'>dolens</span> <span class='ocrx_word' id='word_1_130' title='bbox 1349 2520 1470 2569; x_wconf 84' lang='lat' dir='ltr'>spes</span> <span class='ocrx_word' id='word_1_131' title='bbox 1515 2505 1583 2556; x_wconf 86' lang='lat' dir='ltr'>ad</span> 
     </span>
     <span class='ocr_line' id='line_1_28' title="bbox 507 2579 1582 2647; baseline 0.003 -19"><span class='ocrx_word' id='word_1_132' title='bbox 507 2579 721 2629; x_wconf 88' lang='lat' dir='ltr'>nihilum</span> <span class='ocrx_word' id='word_1_133' title='bbox 767 2581 1031 2636; x_wconf 82' lang='lat' dir='ltr'>recidisse.</span> <span class='ocrx_word' id='word_1_134' title='bbox 1114 2582 1215 2631; x_wconf 90' lang='lat' dir='ltr'>Vel</span> <span class='ocrx_word' id='word_1_135' title='bbox 1269 2582 1427 2631; x_wconf 86' lang='lat' dir='ltr'>tinnit</span> <span class='ocrx_word' id='word_1_136' title='bbox 1469 2582 1582 2647; x_wconf 86' lang='lat' dir='ltr'>jam</span> 
     </span>
     <span class='ocr_line' id='line_1_29' title="bbox 508 2655 1582 2723; baseline 0.006 -18"><span class='ocrx_word' id='word_1_137' title='bbox 508 2657 692 2719; x_wconf 84' lang='lat' dir='ltr'>rarior,</span> <span class='ocrx_word' id='word_1_138' title='bbox 709 2656 763 2706; x_wconf 87' lang='lat' dir='ltr'>in</span> <span class='ocrx_word' id='word_1_139' title='bbox 786 2655 949 2707; x_wconf 82' lang='lat' dir='ltr'>fundo</span> <span class='ocrx_word' id='word_1_140' title='bbox 981 2673 1257 2723; x_wconf 73' lang='lat' dir='ltr'>crumenae‚</span> <span class='ocrx_word' id='word_1_141' title='bbox 1285 2673 1452 2723; x_wconf 84' lang='lat' dir='ltr'>prope</span> <span class='ocrx_word' id='word_1_142' title='bbox 1490 2674 1582 2712; x_wconf 79' lang='lat' dir='ltr'>ex·-</span> 
     </span>
     <span class='ocr_line' id='line_1_30' title="bbox 507 2734 1237 2788; baseline 0.003 -4"><span class='ocrx_word' id='word_1_143' title='bbox 507 2734 707 2788; x_wconf 73' lang='lat' dir='ltr'>haustae</span> <span class='ocrx_word' id='word_1_144' title='bbox 731 2734 1018 2788; x_wconf 78' lang='lat' dir='ltr'>sacrificiis.</span> <span class='ocrx_word' id='word_1_145' title='bbox 1087 2737 1237 2786; x_wconf 80' lang='lat' dir='ltr'>Idem.</span> 
     </span>
    </p>

    <p class='ocr_par' dir='ltr' id='par_1_5' title="bbox 460 2811 1582 4346">
     <span class='ocr_line' id='line_1_31' title="bbox 572 2811 1582 2877; baseline 0.002 -16"><span class='ocrx_word' id='word_1_146' title='bbox 572 2815 639 2861; x_wconf 82' lang='grc'>52</span> <span class='ocrx_word' id='word_1_147' title='bbox 663 2811 742 2875; x_wconf 76' lang='lat' dir='ltr'>Si,</span> <span class='ocrx_word' id='word_1_148' title='bbox 759 2812 864 2877; x_wconf 54' lang='grc' dir='ltr'>ξω]</span> <span class='ocrx_word' id='word_1_149' title='bbox 884 2811 1089 2865; x_wconf 76' lang='lat' dir='ltr'>Quaerit</span> <span class='ocrx_word' id='word_1_150' title='bbox 1104 2811 1354 2877; x_wconf 78' lang='lat' dir='ltr'>deinceps</span> <span class='ocrx_word' id='word_1_151' title='bbox 1369 2827 1582 2870; x_wconf 85' lang='lat' dir='ltr'>causam</span> 
     </span>
     <span class='ocr_line' id='line_1_32' title="bbox 507 2884 1581 2955; baseline 0.002 -17"><span class='ocrx_word' id='word_1_152' title='bbox 507 2884 666 2938; x_wconf 86' lang='lat' dir='ltr'>officii</span> <span class='ocrx_word' id='word_1_153' title='bbox 704 2888 886 2950; x_wconf 82' lang='lat' dir='ltr'>horum</span> <span class='ocrx_word' id='word_1_154' title='bbox 922 2889 1234 2953; x_wconf 85' lang='lat' dir='ltr'>insanorum,</span> <span class='ocrx_word' id='word_1_155' title='bbox 1259 2895 1318 2939; x_wconf 88' lang='lat' dir='ltr'>et</span> <span class='ocrx_word' id='word_1_156' title='bbox 1340 2888 1581 2955; x_wconf 86' lang='lat' dir='ltr'>frequen-</span> 
     </span>
     <span class='ocr_line' id='line_1_33' title="bbox 509 2965 1580 3033; baseline 0.004 -18"><span class='ocrx_word' id='word_1_157' title='bbox 509 2965 641 3015; x_wconf 88' lang='lat' dir='ltr'>tium</span> <span class='ocrx_word' id='word_1_158' title='bbox 680 2965 1080 3029; x_wconf 87' lang='lat' dir='ltr'>sacrificiorum;</span> <span class='ocrx_word' id='word_1_159' title='bbox 1136 2983 1291 3033; x_wconf 82' lang='lat' dir='ltr'>quam</span> <span class='ocrx_word' id='word_1_160' title='bbox 1347 2969 1423 3019; x_wconf 86' lang='lat' dir='ltr'>ait</span> <span class='ocrx_word' id='word_1_161' title='bbox 1465 2984 1580 3019; x_wconf 85' lang='lat' dir='ltr'>esse</span> 
     </span>
     <span class='ocr_line' id='line_1_34' title="bbox 507 3042 1580 3111; baseline 0.007 -20"><span class='ocrx_word' id='word_1_162' title='bbox 507 3042 720 3092; x_wconf 76' lang='lat' dir='ltr'>stultam</span> <span class='ocrx_word' id='word_1_163' title='bbox 743 3044 1004 3095; x_wconf 81' lang='lat' dir='ltr'>hominum</span> <span class='ocrx_word' id='word_1_164' title='bbox 1022 3044 1334 3109; x_wconf 86' lang='lat' dir='ltr'>opinionem,</span> <span class='ocrx_word' id='word_1_165' title='bbox 1354 3046 1494 3111; x_wconf 88' lang='lat' dir='ltr'>quod</span> <span class='ocrx_word' id='word_1_166' title='bbox 1519 3054 1580 3098; x_wconf 91' lang='lat' dir='ltr'>ut</span> 
     </span>
     <span class='ocr_line' id='line_1_35' title="bbox 504 3121 1579 3188; baseline 0.003 -17"><span class='ocrx_word' id='word_1_167' title='bbox 504 3121 757 3188; x_wconf 76' lang='lat' dir='ltr'>homines,</span> <span class='ocrx_word' id='word_1_168' title='bbox 793 3124 867 3173; x_wconf 84' lang='lat' dir='ltr'>sic</span> <span class='ocrx_word' id='word_1_169' title='bbox 905 3124 1064 3173; x_wconf 87' lang='lat' dir='ltr'>etiam</span> <span class='ocrx_word' id='word_1_170' title='bbox 1106 3125 1250 3174; x_wconf 86' lang='lat' dir='ltr'>Deos</span> <span class='ocrx_word' id='word_1_171' title='bbox 1283 3124 1579 3176; x_wconf 85' lang='lat' dir='ltr'>muneribus</span> 
     </span>
     <span class='ocr_line' id='line_1_36' title="bbox 498 3200 1576 3266; baseline 0.002 -16"><span class='ocrx_word' id='word_1_172' title='bbox 498 3200 626 3264; x_wconf 57' lang='lat' dir='ltr'>,capi</span> <span class='ocrx_word' id='word_1_173' title='bbox 664 3200 961 3254; x_wconf 82' lang='lat' dir='ltr'>crederent.</span> <span class='ocrx_word' id='word_1_174' title='bbox 1029 3201 1094 3251; x_wconf 90' lang='lat' dir='ltr'>Id</span> <span class='ocrx_word' id='word_1_175' title='bbox 1131 3207 1230 3264; x_wconf 88' lang='lat' dir='ltr'>est,</span> <span class='ocrx_word' id='word_1_176' title='bbox 1265 3201 1317 3251; x_wconf 90' lang='lat' dir='ltr'>Si</span> <span class='ocrx_word' id='word_1_177' title='bbox 1356 3202 1576 3266; x_wconf 80' lang='lat' dir='ltr'>egotibi</span> 
     </span>
     <span class='ocr_line' id='line_1_37' title="bbox 500 3275 1579 3344; baseline 0.006 -20"><span class='ocrx_word' id='word_1_178' title='bbox 500 3275 698 3327; x_wconf 85' lang='lat' dir='ltr'>homini</span> <span class='ocrx_word' id='word_1_179' title='bbox 719 3292 877 3344; x_wconf 77' lang='lat' dir='ltr'>aurea</span> <span class='ocrx_word' id='word_1_180' title='bbox 892 3284 949 3328; x_wconf 89' lang='lat' dir='ltr'>et</span> <span class='ocrx_word' id='word_1_181' title='bbox 981 3284 1231 3341; x_wconf 84' lang='lat' dir='ltr'>argentea</span> <span class='ocrx_word' id='word_1_182' title='bbox 1254 3276 1487 3339; x_wconf 85' lang='lat' dir='ltr'>donaria,</span> <span class='ocrx_word' id='word_1_183' title='bbox 1520 3285 1579 3332; x_wconf 83' lang='lat' dir='ltr'>et</span> 
     </span>
     <span class='ocr_line' id='line_1_38' title="bbox 505 3351 1580 3419; baseline 0.003 -17"><span class='ocrx_word' id='word_1_184' title='bbox 505 3353 699 3417; x_wconf 84' lang='lat' dir='ltr'>pocula</span> <span class='ocrx_word' id='word_1_185' title='bbox 733 3354 871 3404; x_wconf 88' lang='lat' dir='ltr'>dono</span> <span class='ocrx_word' id='word_1_186' title='bbox 906 3351 1175 3416; x_wconf 67' lang='lat' dir='ltr'>afferrem,</span> <span class='ocrx_word' id='word_1_187' title='bbox 1199 3360 1253 3403; x_wconf 90' lang='lat' dir='ltr'>tu</span> <span class='ocrx_word' id='word_1_188' title='bbox 1278 3368 1387 3419; x_wconf 84' lang='lat' dir='ltr'>prae</span> <span class='ocrx_word' id='word_1_189' title='bbox 1418 3354 1580 3406; x_wconf 86' lang='lat' dir='ltr'>nimia</span> 
     </span>
     <span class='ocr_line' id='line_1_39' title="bbox 502 3428 1575 3494; baseline 0.004 -17"><span class='ocrx_word' id='word_1_190' title='bbox 502 3429 694 3480; x_wconf 69' lang='lat' dir='ltr'>laetitia</span> <span class='ocrx_word' id='word_1_191' title='bbox 731 3431 891 3480; x_wconf 87' lang='lat' dir='ltr'>etiam</span> <span class='ocrx_word' id='word_1_192' title='bbox 925 3431 1178 3481; x_wconf 77' lang='lat' dir='ltr'>lacrumas</span> <span class='ocrx_word' id='word_1_193' title='bbox 1213 3428 1575 3494; x_wconf 82' lang='lat' dir='ltr'>profunderes.</span> 
     </span>
     <span class='ocr_line' id='line_1_40' title="bbox 504 3504 1578 3573; baseline 0.004 -19"><span class='ocrx_word' id='word_1_194' title='bbox 504 3504 646 3573; x_wconf 59' lang='lat' dir='ltr'>Hinc</span> <span class='ocrx_word' id='word_1_195' title='bbox 669 3507 837 3557; x_wconf 88' lang='lat' dir='ltr'>oritur</span> <span class='ocrx_word' id='word_1_196' title='bbox 858 3507 994 3572; x_wconf 89' lang='lat' dir='ltr'>quod</span> <span class='ocrx_word' id='word_1_197' title='bbox 1021 3507 1180 3557; x_wconf 86' lang='lat' dir='ltr'>etiam</span> <span class='ocrx_word' id='word_1_198' title='bbox 1218 3509 1453 3558; x_wconf 89' lang='lat' dir='ltr'>Deorum</span> <span class='ocrx_word' id='word_1_199' title='bbox 1475 3514 1578 3558; x_wconf 82' lang='lat' dir='ltr'>sta-</span> 
     </span>
     <span class='ocr_line' id='line_1_41' title="bbox 505 3584 1576 3647; baseline 0.003 -13"><span class='ocrx_word' id='word_1_200' title='bbox 505 3588 622 3634; x_wconf 81' lang='lat' dir='ltr'>tuas</span> <span class='ocrx_word' id='word_1_201' title='bbox 645 3599 768 3636; x_wconf 87' lang='lat' dir='ltr'>auro</span> <span class='ocrx_word' id='word_1_202' title='bbox 790 3584 1012 3647; x_wconf 87' lang='lat' dir='ltr'>inducis,</span> <span class='ocrx_word' id='word_1_203' title='bbox 1035 3585 1115 3633; x_wconf 79' lang='lat' dir='ltr'>vel</span> <span class='ocrx_word' id='word_1_204' title='bbox 1140 3584 1299 3634; x_wconf 84' lang='lat' dir='ltr'>etiam</span> <span class='ocrx_word' id='word_1_205' title='bbox 1319 3600 1386 3634; x_wconf 81' lang='lat' dir='ltr'>ex</span> <span class='ocrx_word' id='word_1_206' title='bbox 1410 3586 1576 3638; x_wconf 84' lang='lat' dir='ltr'>solido</span> 
     </span>
     <span class='ocr_line' id='line_1_42' title="bbox 502 3660 1578 3729; baseline 0.001 -18"><span class='ocrx_word' id='word_1_207' title='bbox 502 3676 629 3712; x_wconf 85' lang='lat' dir='ltr'>auro</span> <span class='ocrx_word' id='word_1_208' title='bbox 646 3660 869 3729; x_wconf 78' lang='lat' dir='ltr'>effingis,</span> <span class='ocrx_word' id='word_1_209' title='bbox 885 3669 1132 3727; x_wconf 83' lang='lat' dir='ltr'>tanquam</span> <span class='ocrx_word' id='word_1_210' title='bbox 1149 3662 1241 3712; x_wconf 88' lang='lat' dir='ltr'>Dii</span> <span class='ocrx_word' id='word_1_211' title='bbox 1257 3669 1314 3712; x_wconf 88' lang='lat' dir='ltr'>ut</span> <span class='ocrx_word' id='word_1_212' title='bbox 1326 3662 1578 3726; x_wconf 87' lang='lat' dir='ltr'>homines,</span> 
     </span>
     <span class='ocr_line' id='line_1_43' title="bbox 499 3738 1577 3807; baseline -0.004 -16"><span class='ocrx_word' id='word_1_213' title='bbox 499 3755 625 3791; x_wconf 81' lang='lat' dir='ltr'>auro</span> <span class='ocrx_word' id='word_1_214' title='bbox 679 3747 736 3791; x_wconf 78' lang='lat' dir='ltr'>ct</span> <span class='ocrx_word' id='word_1_215' title='bbox 784 3740 1083 3792; x_wconf 87' lang='lat' dir='ltr'>muneribus</span> <span class='ocrx_word' id='word_1_216' title='bbox 1146 3738 1577 3807; x_wconf 73' lang='lat' dir='ltr'>delectentur.}--</span> 
     </span>
     <span class='ocr_line' id='line_1_44' title="bbox 500 3818 1577 3882; baseline -0.002 -14"><span class='ocrx_word' id='word_1_217' title='bbox 500 3818 755 3882; x_wconf 81' lang='lat' dir='ltr'>Craterus]</span> <span class='ocrx_word' id='word_1_218' title='bbox 796 3818 1013 3869; x_wconf 75' lang='lat' dir='ltr'>Patet-as</span> <span class='ocrx_word' id='word_1_219' title='bbox 1036 3825 1327 3882; x_wconf 86' lang='lat' dir='ltr'>argenteas.</span> <span class='ocrx_word' id='word_1_220' title='bbox 1384 3818 1577 3867; x_wconf 79' lang='lat' dir='ltr'>Casan-</span> 
     </span>
     <span class='ocr_line' id='line_1_45' title="bbox 497 3892 1574 3958; baseline -0.003 -13"><span class='ocrx_word' id='word_1_221' title='bbox 497 3892 663 3945; x_wconf 89' lang='lat' dir='ltr'>bonus</span> <span class='ocrx_word' id='word_1_222' title='bbox 683 3900 923 3948; x_wconf 66' lang='grc' dir='ltr'>παίω-αι</span> <span class='ocrx_word' id='word_1_223' title='bbox 944 3894 1094 3958; x_wconf 83' lang='lat' dir='ltr'>legit,</span> <span class='ocrx_word' id='word_1_224' title='bbox 1118 3910 1150 3946; x_wconf 85' lang='lat' dir='ltr'>a</span> <span class='ocrx_word' id='word_1_225' title='bbox 1173 3894 1574 3945; x_wconf 80' lang='lat' dir='ltr'>craterra.--In-</span> 
     </span>
     <span class='ocr_line' id='line_1_46' title="bbox 460 3971 1576 4037; baseline -0.002 -13"><span class='ocrx_word' id='word_1_226' title='bbox 460 3985 713 4036; x_wconf 55' lang='lat' dir='ltr'>eumque,</span> <span class='ocrx_word' id='word_1_227' title='bbox 753 3972 862 4037; x_wconf 58' lang='lat' dir='ltr'>Sta]</span> <span class='ocrx_word' id='word_1_228' title='bbox 921 3972 1158 4022; x_wconf 86' lang='lat' dir='ltr'>Donaria</span> <span class='ocrx_word' id='word_1_229' title='bbox 1199 3986 1265 4021; x_wconf 85' lang='lat' dir='ltr'>ex</span> <span class='ocrx_word' id='word_1_230' title='bbox 1315 3971 1464 4035; x_wconf 84' lang='lat' dir='ltr'>largo</span> <span class='ocrx_word' id='word_1_231' title='bbox 1519 3977 1576 4022; x_wconf 81' lang='lat' dir='ltr'>et</span> 
     </span>
     <span class='ocr_line' id='line_1_47' title="bbox 497 4047 1574 4102; baseline -0.003 -3"><span class='ocrx_word' id='word_1_232' title='bbox 497 4060 674 4100; x_wconf 82' lang='lat' dir='ltr'>crasso</span> <span class='ocrx_word' id='word_1_233' title='bbox 710 4065 839 4099; x_wconf 89' lang='lat' dir='ltr'>auro</span> <span class='ocrx_word' id='word_1_234' title='bbox 882 4064 1075 4102; x_wconf 83' lang='lat' dir='ltr'>excusa</span> <span class='ocrx_word' id='word_1_235' title='bbox 1114 4058 1169 4097; x_wconf 91' lang='lat' dir='ltr'>et</span> <span class='ocrx_word' id='word_1_236' title='bbox 1203 4047 1451 4099; x_wconf 81' lang='lat' dir='ltr'>cudendo</span> <span class='ocrx_word' id='word_1_237' title='bbox 1482 4048 1574 4097; x_wconf 89' lang='lat' dir='ltr'>im-</span> 
     </span>
     <span class='ocr_line' id='line_1_48' title="bbox 476 4113 1571 4191; baseline -0.001 -15"><span class='ocrx_word' id='word_1_238' title='bbox 476 4113 696 4191; x_wconf 51' lang='lat' dir='ltr'>’pressa</span> <span class='ocrx_word' id='word_1_239' title='bbox 763 4129 900 4176; x_wconf 86' lang='lat' dir='ltr'>Vasa</span> <span class='ocrx_word' id='word_1_240' title='bbox 936 4142 1089 4177; x_wconf 74' lang='lat' dir='ltr'>aurea</span> <span class='ocrx_word' id='word_1_241' title='bbox 1110 4127 1285 4176; x_wconf 67' lang='lat' dir='ltr'>solidae</span> <span class='ocrx_word' id='word_1_242' title='bbox 1321 4126 1571 4189; x_wconf 68' lang='lat' dir='ltr'>materias,</span> 
     </span>
     <span class='ocr_line' id='line_1_49' title="bbox 492 4201 1573 4268; baseline 0 -17"><span class='ocrx_word' id='word_1_243' title='bbox 492 4216 595 4252; x_wconf 88' lang='lat' dir='ltr'>non</span> <span class='ocrx_word' id='word_1_244' title='bbox 617 4202 823 4267; x_wconf 79' lang='lat' dir='ltr'>gracilis</span> <span class='ocrx_word' id='word_1_245' title='bbox 852 4203 1104 4254; x_wconf 81' lang='lat' dir='ltr'>bracteae.</span> <span class='ocrx_word' id='word_1_246' title='bbox 1181 4202 1440 4268; x_wconf 83' lang='lat' dir='ltr'>Intelligit</span> <span class='ocrx_word' id='word_1_247' title='bbox 1461 4201 1573 4254; x_wconf 74' lang='grc' dir='ltr'>ἀνά-</span> 
     </span>
     <span class='ocr_line' id='line_1_50' title="bbox 493 4281 1570 4346; baseline -0.003 -12"><span class='ocrx_word' id='word_1_248' title='bbox 493 4288 678 4346; x_wconf 69' lang='grc' dir='ltr'><strong>γλυφα,</strong></span> <span class='ocrx_word' id='word_1_249' title='bbox 714 4295 782 4330; x_wconf 83' lang='lat' dir='ltr'>ex</span> <span class='ocrx_word' id='word_1_250' title='bbox 813 4295 939 4331; x_wconf 88' lang='lat' dir='ltr'>auro</span> <span class='ocrx_word' id='word_1_251' title='bbox 973 4295 1149 4331; x_wconf 85' lang='lat' dir='ltr'>crasso</span> <span class='ocrx_word' id='word_1_252' title='bbox 1190 4281 1413 4345; x_wconf 89' lang='lat' dir='ltr'>sculpta,</span> <span class='ocrx_word' id='word_1_253' title='bbox 1436 4290 1494 4334; x_wconf 90' lang='lat' dir='ltr'>et</span> <span class='ocrx_word' id='word_1_254' title='bbox 1517 4283 1570 4331; x_wconf 90' lang='lat' dir='ltr'>in</span> 
     </span>
    </p>
   </div>
   <div class='ocr_carea' id='block_1_3' title="bbox 1243 423 2041 486">
    <p class='ocr_par' dir='ltr' id='par_1_6' title="bbox 1243 423 2041 486">
     <span class='ocr_line' id='line_1_51' title="bbox 1243 423 2041 486; baseline 0.005 -14"><span class='ocrx_word' id='word_1_255' title='bbox 1243 423 1461 474; x_wconf 78' lang='lat' dir='ltr'>No‘rAE</span> <span class='ocrx_word' id='word_1_256' title='bbox 1510 425 1601 474; x_wconf 72' lang='lat' dir='ltr'>vA</span> <span class='ocrx_word' id='word_1_257' title='bbox 1615 423 1913 486; x_wconf 62' lang='lat' dir='ltr'>RIORUM</span> <span class='ocrx_word' id='word_1_258' title='bbox 1963 427 2041 476; x_wconf 66' lang='lat' dir='ltr'>{N</span> 
     </span>
    </p>
   </div>
   <div class='ocr_carea' id='block_1_4' title="bbox 1664 567 2760 1645">
    <p class='ocr_par' dir='ltr' id='par_1_7' title="bbox 1669 567 2456 623">
     <span class='ocr_line' id='line_1_52' title="bbox 1669 567 2456 623; baseline -0.004 0"><span class='ocrx_word' id='word_1_259' title='bbox 1669 570 1884 623; x_wconf 53' lang='lat' dir='ltr'>melam.</span> <span class='ocrx_word' id='word_1_260' title='bbox 1949 567 2175 622; x_wconf 78' lang='lat' dir='ltr'>Turneb.</span> <span class='ocrx_word' id='word_1_261' title='bbox 2199 582 2356 621; x_wconf 80' lang='lat' dir='ltr'>xxvr.</span> <span class='ocrx_word' id='word_1_262' title='bbox 2375 572 2456 620; x_wconf 82' lang='grc'>14.</span> 
     </span>
    </p>

    <p class='ocr_par' dir='ltr' id='par_1_8' title="bbox 1664 645 2744 1471">
     <span class='ocr_line' id='line_1_53' title="bbox 1735 645 2741 712; baseline -0.001 -13"><span class='ocrx_word' id='word_1_263' title='bbox 1735 653 1800 699; x_wconf 77' lang='grc'>53</span> <span class='ocrx_word' id='word_1_264' title='bbox 1851 648 2021 711; x_wconf 69' lang='lat' dir='ltr'>Suades,</span> <span class='ocrx_word' id='word_1_265' title='bbox 2060 646 2169 712; x_wconf 47' lang='lat' dir='ltr'>qm]</span> <span class='ocrx_word' id='word_1_266' title='bbox 2218 645 2385 698; x_wconf 86' lang='lat' dir='ltr'>Sudas</span> <span class='ocrx_word' id='word_1_267' title='bbox 2427 661 2537 709; x_wconf 77' lang='lat' dir='ltr'>prae</span> <span class='ocrx_word' id='word_1_268' title='bbox 2584 646 2741 704; x_wconf 84' lang='lat' dir='ltr'>nimio</span> 
     </span>
     <span class='ocr_line' id='line_1_54' title="bbox 1669 723 2741 789; baseline -0.001 -14"><span class='ocrx_word' id='word_1_269' title='bbox 1669 723 1877 789; x_wconf 74' lang='lat' dir='ltr'>gaudio,</span> <span class='ocrx_word' id='word_1_270' title='bbox 1900 730 1958 775; x_wconf 89' lang='lat' dir='ltr'>et</span> <span class='ocrx_word' id='word_1_271' title='bbox 1978 725 2259 776; x_wconf 86' lang='lat' dir='ltr'>lacrumam</span> <span class='ocrx_word' id='word_1_272' title='bbox 2282 724 2499 776; x_wconf 87' lang='lat' dir='ltr'>emittis.</span> <span class='ocrx_word' id='word_1_273' title='bbox 2564 725 2741 776; x_wconf 60' lang='lat' dir='ltr'>Labie.</span> 
     </span>
     <span class='ocr_line' id='line_1_55' title="bbox 1668 801 2743 865; baseline 0 -13"><span class='ocrx_word' id='word_1_274' title='bbox 1668 801 1881 853; x_wconf 80' lang='lat' dir='ltr'>Persius</span> <span class='ocrx_word' id='word_1_275' title='bbox 1905 816 2032 865; x_wconf 78' lang='lat' dir='ltr'>ergo</span> <span class='ocrx_word' id='word_1_276' title='bbox 2056 801 2296 851; x_wconf 89' lang='lat' dir='ltr'>sudorem</span> <span class='ocrx_word' id='word_1_277' title='bbox 2322 802 2395 850; x_wconf 83' lang='lat' dir='ltr'>illi</span> <span class='ocrx_word' id='word_1_278' title='bbox 2413 801 2743 864; x_wconf 85' lang='lat' dir='ltr'>tribuit,·hoc</span> 
     </span>
     <span class='ocr_line' id='line_1_56' title="bbox 1667 878 2738 943; baseline -0.001 -15"><span class='ocrx_word' id='word_1_279' title='bbox 1667 886 1767 941; x_wconf 86' lang='lat' dir='ltr'>est,</span> <span class='ocrx_word' id='word_1_280' title='bbox 1818 893 2033 942; x_wconf 80' lang='lat' dir='ltr'>gravem</span> <span class='ocrx_word' id='word_1_281' title='bbox 2085 878 2508 943; x_wconf 85' lang='lat' dir='ltr'>commotionem,</span> <span class='ocrx_word' id='word_1_282' title='bbox 2558 878 2738 943; x_wconf 87' lang='lat' dir='ltr'>quales</span> 
     </span>
     <span class='ocr_line' id='line_1_57' title="bbox 1666 954 2744 1020; baseline 0.001 -16"><span class='ocrx_word' id='word_1_283' title='bbox 1666 961 1790 1004; x_wconf 86' lang='lat' dir='ltr'>sunt</span> <span class='ocrx_word' id='word_1_284' title='bbox 1804 955 1923 1016; x_wconf 81' lang='lat' dir='ltr'>illae,</span> <span class='ocrx_word' id='word_1_285' title='bbox 1938 969 2066 1020; x_wconf 79' lang='lat' dir='ltr'>quas</span> <span class='ocrx_word' id='word_1_286' title='bbox 2082 954 2314 1020; x_wconf 88' lang='lat' dir='ltr'>sequitur</span> <span class='ocrx_word' id='word_1_287' title='bbox 2328 954 2501 1004; x_wconf 86' lang='lat' dir='ltr'>sudor.</span> <span class='ocrx_word' id='word_1_288' title='bbox 2538 955 2744 1006; x_wconf 72' lang='lat' dir='ltr'>cmub.</span> 
     </span>
     <span class='ocr_line' id='line_1_58' title="bbox 1665 1031 2736 1097; baseline -0.001 -14"><span class='ocrx_word' id='word_1_289' title='bbox 1665 1033 1934 1086; x_wconf 75' lang='lat' dir='ltr'>-Peetore</span> <span class='ocrx_word' id='word_1_290' title='bbox 1952 1033 2092 1097; x_wconf 78' lang='lat' dir='ltr'>laeco]</span> <span class='ocrx_word' id='word_1_291' title='bbox 2123 1031 2408 1082; x_wconf 79' lang='lat' dir='ltr'>Perverse:</span> <span class='ocrx_word' id='word_1_292' title='bbox 2436 1032 2519 1082; x_wconf 84' lang='lat' dir='ltr'>vel</span> <span class='ocrx_word' id='word_1_293' title='bbox 2544 1034 2736 1091; x_wconf 82' lang='lat' dir='ltr'>Corde,</span> 
     </span>
     <span class='ocr_line' id='line_1_59' title="bbox 1666 1108 2741 1176; baseline 0 -16"><span class='ocrx_word' id='word_1_294' title='bbox 1666 1109 1804 1176; x_wconf 86' lang='lat' dir='ltr'>quod</span> <span class='ocrx_word' id='word_1_295' title='bbox 1848 1110 1902 1160; x_wconf 91' lang='lat' dir='ltr'>in</span> <span class='ocrx_word' id='word_1_296' title='bbox 1939 1110 2073 1161; x_wconf 78' lang='lat' dir='ltr'>laeva</span> <span class='ocrx_word' id='word_1_297' title='bbox 2116 1111 2200 1159; x_wconf 83' lang='lat' dir='ltr'>vel</span> <span class='ocrx_word' id='word_1_298' title='bbox 2249 1108 2461 1160; x_wconf 85' lang='lat' dir='ltr'>sinistra</span> <span class='ocrx_word' id='word_1_299' title='bbox 2509 1109 2741 1175; x_wconf 89' lang='lat' dir='ltr'>corporis</span> 
     </span>
     <span class='ocr_line' id='line_1_60' title="bbox 1666 1186 2740 1254; baseline 0 -18"><span class='ocrx_word' id='word_1_300' title='bbox 1666 1194 1846 1250; x_wconf 84' lang='lat' dir='ltr'>parte:</span> <span class='ocrx_word' id='word_1_301' title='bbox 1896 1187 2000 1250; x_wconf 82' lang='lat' dir='ltr'>vel,</span> <span class='ocrx_word' id='word_1_302' title='bbox 2033 1186 2345 1249; x_wconf 82' lang='lat' dir='ltr'>Lachrymes</span> <span class='ocrx_word' id='word_1_303' title='bbox 2370 1200 2481 1251; x_wconf 82' lang='lat' dir='ltr'>prae</span> <span class='ocrx_word' id='word_1_304' title='bbox 2518 1188 2740 1254; x_wconf 85' lang='lat' dir='ltr'>gaudio;</span> 
     </span>
     <span class='ocr_line' id='line_1_61' title="bbox 1665 1264 2741 1330; baseline 0.002 -16"><span class='ocrx_word' id='word_1_305' title='bbox 1665 1270 1815 1315; x_wconf 77' lang='lat' dir='ltr'>tanta</span> <span class='ocrx_word' id='word_1_306' title='bbox 1855 1271 1939 1315; x_wconf 87' lang='lat' dir='ltr'>est</span> <span class='ocrx_word' id='word_1_307' title='bbox 1983 1264 2210 1315; x_wconf 83' lang='lat' dir='ltr'>stultitia</span> <span class='ocrx_word' id='word_1_308' title='bbox 2259 1270 2367 1316; x_wconf 83' lang='lat' dir='ltr'>tua.</span> <span class='ocrx_word' id='word_1_309' title='bbox 2438 1266 2589 1330; x_wconf 80' lang='lat' dir='ltr'>virg.</span> <span class='ocrx_word' id='word_1_310' title='bbox 2643 1266 2659 1293; x_wconf 87' lang='lat'>‘</span> <span class='ocrx_word' id='word_1_311' title='bbox 2696 1266 2741 1316; x_wconf 85' lang='lat' dir='ltr'>si</span> 
     </span>
     <span class='ocr_line' id='line_1_62' title="bbox 1664 1339 2743 1406; baseline 0.001 -16"><span class='ocrx_word' id='word_1_312' title='bbox 1664 1357 1811 1391; x_wconf 87' lang='lat' dir='ltr'>mens</span> <span class='ocrx_word' id='word_1_313' title='bbox 1857 1357 1958 1392; x_wconf 88' lang='lat' dir='ltr'>non</span> <span class='ocrx_word' id='word_1_314' title='bbox 2005 1343 2138 1392; x_wconf 85' lang='lat' dir='ltr'>laeva</span> <span class='ocrx_word' id='word_1_315' title='bbox 2179 1339 2404 1393; x_wconf 66' lang='lat' dir='ltr'>fuisset!</span> <span class='ocrx_word' id='word_1_316' title='bbox 2470 1342 2590 1392; x_wconf 86' lang='lat' dir='ltr'>Hoc</span> <span class='ocrx_word' id='word_1_317' title='bbox 2638 1349 2743 1406; x_wconf 84' lang='lat' dir='ltr'>est,</span> 
     </span>
     <span class='ocr_line' id='line_1_63' title="bbox 1664 1418 2529 1471; baseline -0.005 0"><span class='ocrx_word' id='word_1_318' title='bbox 1664 1419 1783 1471; x_wconf 86' lang='lat' dir='ltr'>Nisi</span> <span class='ocrx_word' id='word_1_319' title='bbox 1806 1418 2075 1470; x_wconf 73' lang='lat' dir='ltr'>fuissemus</span> <span class='ocrx_word' id='word_1_320' title='bbox 2094 1419 2258 1471; x_wconf 84' lang='lat' dir='ltr'>stulti.</span> <span class='ocrx_word' id='word_1_321' title='bbox 2327 1418 2529 1468; x_wconf 78' lang='lat' dir='ltr'>casaub.</span> 
     </span>
    </p>

    <p class='ocr_par' dir='ltr' id='par_1_9' title="bbox 1664 1485 2760 1645">
     <span class='ocr_line' id='line_1_64' title="bbox 1729 1485 2760 1560; baseline -0.004 -11"><span class='ocrx_word' id='word_1_322' title='bbox 1729 1500 1795 1549; x_wconf 74' lang='lat'>54</span> <span class='ocrx_word' id='word_1_323' title='bbox 1828 1495 2088 1560; x_wconf 72' lang='lat' dir='ltr'>Excutias]</span> <span class='ocrx_word' id='word_1_324' title='bbox 2130 1496 2376 1560; x_wconf 87' lang='lat' dir='ltr'>Emittas,</span> <span class='ocrx_word' id='word_1_325' title='bbox 2397 1493 2636 1545; x_wconf 83' lang='lat' dir='ltr'>effundas</span> <span class='ocrx_word' id='word_1_326' title='bbox 2671 1485 2760 1546; x_wconf 57' lang='lat' dir='ltr'>la?</span> 
     </span>
     <span class='ocr_line' id='line_1_65' title="bbox 1664 1574 2743 1645; baseline 0 -21"><span class='ocrx_word' id='word_1_327' title='bbox 1664 1589 1869 1633; x_wconf 79' lang='lat' dir='ltr'>crumas</span> <span class='ocrx_word' id='word_1_328' title='bbox 1892 1580 1949 1624; x_wconf 87' lang='lat' dir='ltr'>et</span> <span class='ocrx_word' id='word_1_329' title='bbox 1969 1580 2144 1645; x_wconf 76' lang='lat' dir='ltr'>guttas</span> <span class='ocrx_word' id='word_1_330' title='bbox 2168 1574 2386 1626; x_wconf 83' lang='lat' dir='ltr'>sudoris.</span> <span class='ocrx_word' id='word_1_331' title='bbox 2434 1575 2519 1624; x_wconf 87' lang='lat' dir='ltr'>Sic</span> <span class='ocrx_word' id='word_1_332' title='bbox 2541 1575 2743 1632; x_wconf 83' lang='lat' dir='ltr'>Teren-</span> 
     </span>
    </p>
   </div>
   <div class='ocr_carea' id='block_1_5' title="bbox 1663 1651 2814 1716">
    <p class='ocr_par' dir='ltr' id='par_1_10' title="bbox 1663 1651 2814 1716">
     <span class='ocr_line' id='line_1_66' title="bbox 1663 1651 2814 1716; baseline -0.003 -13"><span class='ocrx_word' id='word_1_333' title='bbox 1663 1652 1793 1703; x_wconf 82' lang='lat' dir='ltr'>tius:</span> <span class='ocrx_word' id='word_1_334' title='bbox 1844 1652 2077 1702; x_wconf 78' lang='lat' dir='ltr'>Lacrumo</span> <span class='ocrx_word' id='word_1_335' title='bbox 2115 1666 2222 1715; x_wconf 83' lang='lat' dir='ltr'>proe</span> <span class='ocrx_word' id='word_1_336' title='bbox 2256 1651 2744 1716; x_wconf 55' lang='lat' dir='ltr'>grandim—Lami,</span> <span class='ocrx_word' id='word_1_337' title='bbox 2807 1688 2814 1693; x_wconf 85' lang='lat'>.</span> 
     </span>
    </p>
   </div>
   <div class='ocr_carea' id='block_1_6' title="bbox 1649 1732 2743 3576">
    <p class='ocr_par' dir='ltr' id='par_1_11' title="bbox 1657 1732 2743 2801">
     <span class='ocr_line' id='line_1_67' title="bbox 1661 1732 2740 1799; baseline 0 -15"><span class='ocrx_word' id='word_1_338' title='bbox 1661 1733 1767 1797; x_wconf 59' lang='grc' dir='ltr'>ξα]</span> <span class='ocrx_word' id='word_1_339' title='bbox 1800 1735 1879 1784; x_wconf 88' lang='lat' dir='ltr'>Eo</span> <span class='ocrx_word' id='word_1_340' title='bbox 1900 1733 2040 1799; x_wconf 88' lang='lat' dir='ltr'>quod</span> <span class='ocrx_word' id='word_1_341' title='bbox 2066 1748 2158 1784; x_wconf 87' lang='lat' dir='ltr'>cor</span> <span class='ocrx_word' id='word_1_342' title='bbox 2192 1741 2337 1783; x_wconf 88' lang='lat' dir='ltr'>tuum</span> <span class='ocrx_word' id='word_1_343' title='bbox 2377 1732 2565 1796; x_wconf 80' lang='lat' dir='ltr'>gaudio</span> <span class='ocrx_word' id='word_1_344' title='bbox 2590 1734 2740 1799; x_wconf 80' lang='lat' dir='ltr'>quasi</span> 
     </span>
     <span class='ocr_line' id='line_1_68' title="bbox 1665 1810 2740 1875; baseline -0.001 -15"><span class='ocrx_word' id='word_1_345' title='bbox 1665 1810 1896 1874; x_wconf 81' lang='lat' dir='ltr'>trepidet</span> <span class='ocrx_word' id='word_1_346' title='bbox 1938 1817 1995 1861; x_wconf 87' lang='lat' dir='ltr'>et</span> <span class='ocrx_word' id='word_1_347' title='bbox 2037 1810 2314 1860; x_wconf 81' lang='lat' dir='ltr'>subsultet.</span> <span class='ocrx_word' id='word_1_348' title='bbox 2401 1810 2740 1875; x_wconf 81' lang='lat' dir='ltr'>Graecismus,</span> 
     </span>
     <span class='ocr_line' id='line_1_69' title="bbox 1664 1885 2740 1953; baseline 0.002 -19"><span class='ocrx_word' id='word_1_349' title='bbox 1664 1901 1757 1950; x_wconf 87' lang='lat' dir='ltr'>pro</span> <span class='ocrx_word' id='word_1_350' title='bbox 1780 1887 1845 1937; x_wconf 82' lang='lat' dir='ltr'>ad</span> <span class='ocrx_word' id='word_1_351' title='bbox 1870 1888 2170 1948; x_wconf 86' lang='lat' dir='ltr'>laetandum,</span> <span class='ocrx_word' id='word_1_352' title='bbox 2189 1887 2292 1948; x_wconf 78' lang='lat' dir='ltr'>vel,</span> <span class='ocrx_word' id='word_1_353' title='bbox 2317 1885 2455 1953; x_wconf 83' lang='lat' dir='ltr'>quod</span> <span class='ocrx_word' id='word_1_354' title='bbox 2478 1901 2569 1936; x_wconf 90' lang='lat' dir='ltr'>cor</span> <span class='ocrx_word' id='word_1_355' title='bbox 2590 1886 2740 1944; x_wconf 60' lang='lat' dir='ltr'>liete-⁶</span> 
     </span>
     <span class='ocr_line' id='line_1_70' title="bbox 1664 1962 2739 2030; baseline -0.002 -17"><span class='ocrx_word' id='word_1_356' title='bbox 1664 1970 1768 2014; x_wconf 91' lang='lat' dir='ltr'>tur.</span> <span class='ocrx_word' id='word_1_357' title='bbox 1834 1962 1941 2015; x_wconf 85' lang='lat' dir='ltr'>Alii</span> <span class='ocrx_word' id='word_1_358' title='bbox 1963 1965 2142 2028; x_wconf 80' lang='lat' dir='ltr'>legunt</span> <span class='ocrx_word' id='word_1_359' title='bbox 2168 1964 2369 2027; x_wconf 72' lang='lat' dir='ltr'>laetaris,</span> <span class='ocrx_word' id='word_1_360' title='bbox 2401 1977 2504 2013; x_wconf 89' lang='lat' dir='ltr'>non</span> <span class='ocrx_word' id='word_1_361' title='bbox 2527 1962 2739 2030; x_wconf 86' lang='lat' dir='ltr'>omnino</span> 
     </span>
     <span class='ocr_line' id='line_1_71' title="bbox 1662 2039 2743 2110; baseline 0 -18"><span class='ocrx_word' id='word_1_362' title='bbox 1662 2041 1815 2106; x_wconf 65' lang='lat' dir='ltr'>male·</span> <span class='ocrx_word' id='word_1_363' title='bbox 1860 2040 1993 2094; x_wconf 78' lang='lat' dir='ltr'>Illud</span> <span class='ocrx_word' id='word_1_364' title='bbox 2016 2041 2191 2100; x_wconf 73' lang='lat' dir='ltr'>letari,</span> <span class='ocrx_word' id='word_1_365' title='bbox 2214 2040 2270 2091; x_wconf 88' lang='lat' dir='ltr'>id</span> <span class='ocrx_word' id='word_1_366' title='bbox 2294 2047 2395 2103; x_wconf 85' lang='lat' dir='ltr'>est,</span> <span class='ocrx_word' id='word_1_367' title='bbox 2415 2040 2506 2090; x_wconf 92' lang='lat' dir='ltr'>illa</span> <span class='ocrx_word' id='word_1_368' title='bbox 2521 2039 2743 2110; x_wconf 63' lang='lat' dir='ltr'>lancia,</span> 
     </span>
     <span class='ocr_line' id='line_1_72' title="bbox 1663 2118 2736 2182; baseline 0.002 -16"><span class='ocrx_word' id='word_1_369' title='bbox 1663 2118 1786 2182; x_wconf 87' lang='lat' dir='ltr'>quia</span> <span class='ocrx_word' id='word_1_370' title='bbox 1808 2118 1945 2167; x_wconf 85' lang='lat' dir='ltr'>enim</span> <span class='ocrx_word' id='word_1_371' title='bbox 1972 2119 2070 2169; x_wconf 89' lang='lat' dir='ltr'>tibi</span> <span class='ocrx_word' id='word_1_372' title='bbox 2092 2119 2237 2169; x_wconf 83' lang='lat' dir='ltr'>cordi</span> <span class='ocrx_word' id='word_1_373' title='bbox 2267 2126 2350 2168; x_wconf 88' lang='lat' dir='ltr'>est</span> <span class='ocrx_word' id='word_1_374' title='bbox 2383 2132 2584 2181; x_wconf 88' lang='lat' dir='ltr'>aurum,</span> <span class='ocrx_word' id='word_1_375' title='bbox 2613 2118 2736 2168; x_wconf 89' lang='lat' dir='ltr'>Diis</span> 
     </span>
     <span class='ocr_line' id='line_1_73' title="bbox 1660 2194 2738 2256; baseline 0.002 -12"><span class='ocrx_word' id='word_1_376' title='bbox 1660 2194 1821 2245; x_wconf 89' lang='lat' dir='ltr'>etiam</span> <span class='ocrx_word' id='word_1_377' title='bbox 1846 2196 2019 2247; x_wconf 86' lang='lat' dir='ltr'>credis</span> <span class='ocrx_word' id='word_1_378' title='bbox 2040 2211 2168 2256; x_wconf 85' lang='lat' dir='ltr'>esse,</span> <span class='ocrx_word' id='word_1_379' title='bbox 2196 2195 2340 2245; x_wconf 81' lang='lat' dir='ltr'>vitiis</span> <span class='ocrx_word' id='word_1_380' title='bbox 2366 2195 2468 2245; x_wconf 89' lang='lat' dir='ltr'>tuis</span> <span class='ocrx_word' id='word_1_381' title='bbox 2497 2195 2614 2244; x_wconf 88' lang='lat' dir='ltr'>illos</span> <span class='ocrx_word' id='word_1_382' title='bbox 2640 2209 2738 2246; x_wconf 65' lang='lat' dir='ltr'>aes÷</span> 
     </span>
     <span class='ocr_line' id='line_1_74' title="bbox 1661 2267 2740 2337; baseline 0.004 -18"><span class='ocrx_word' id='word_1_383' title='bbox 1661 2272 1881 2322; x_wconf 76' lang='lat' dir='ltr'>timaus:</span> <span class='ocrx_word' id='word_1_384' title='bbox 1934 2278 1988 2323; x_wconf 88' lang='lat' dir='ltr'>et</span> <span class='ocrx_word' id='word_1_385' title='bbox 2008 2267 2118 2330; x_wconf 65' lang='lat' dir='ltr'>ltine</span> <span class='ocrx_word' id='word_1_386' title='bbox 2138 2275 2261 2322; x_wconf 77' lang='lat' dir='ltr'>illud</span> <span class='ocrx_word' id='word_1_387' title='bbox 2280 2273 2448 2336; x_wconf 77' lang='lat' dir='ltr'>subiit,</span> <span class='ocrx_word' id='word_1_388' title='bbox 2465 2275 2549 2337; x_wconf 66' lang='grc' dir='ltr'>ὅτ.</span> <span class='ocrx_word' id='word_1_389' title='bbox 2615 2274 2740 2336; x_wconf 84' lang='lat' dir='ltr'>Vel,</span> 
     </span>
     <span class='ocr_line' id='line_1_75' title="bbox 1661 2348 2736 2414; baseline 0 -16"><span class='ocrx_word' id='word_1_390' title='bbox 1661 2348 1847 2400; x_wconf 86' lang='lat' dir='ltr'>Credis</span> <span class='ocrx_word' id='word_1_391' title='bbox 1898 2350 2292 2412; x_wconf 85' lang='lat' dir='ltr'>superstitiosus</span> <span class='ocrx_word' id='word_1_392' title='bbox 2349 2349 2444 2399; x_wconf 87' lang='lat' dir='ltr'>tibi</span> <span class='ocrx_word' id='word_1_393' title='bbox 2498 2349 2736 2414; x_wconf 74' lang='lat' dir='ltr'>evenisse</span> 
     </span>
     <span class='ocr_line' id='line_1_76' title="bbox 1659 2426 2735 2492; baseline 0.001 -16"><span class='ocrx_word' id='word_1_394' title='bbox 1659 2426 1759 2477; x_wconf 87' lang='lat' dir='ltr'>hoc</span> <span class='ocrx_word' id='word_1_395' title='bbox 1801 2441 1981 2477; x_wconf 88' lang='lat' dir='ltr'>aurum</span> <span class='ocrx_word' id='word_1_396' title='bbox 2021 2442 2051 2478; x_wconf 83' lang='lat' dir='ltr'>a</span> <span class='ocrx_word' id='word_1_397' title='bbox 2091 2427 2211 2480; x_wconf 80' lang='lat' dir='ltr'>Diis</span> <span class='ocrx_word' id='word_1_398' title='bbox 2250 2426 2477 2488; x_wconf 83' lang='lat' dir='ltr'>missum,</span> <span class='ocrx_word' id='word_1_399' title='bbox 2512 2441 2735 2492; x_wconf 86' lang='lat' dir='ltr'>quorum</span> 
     </span>
     <span class='ocr_line' id='line_1_77' title="bbox 1659 2501 2734 2562; baseline 0.003 -9"><span class='ocrx_word' id='word_1_400' title='bbox 1659 2501 1821 2555; x_wconf 82' lang='lat' dir='ltr'>facies</span> <span class='ocrx_word' id='word_1_401' title='bbox 1853 2511 1908 2555; x_wconf 88' lang='lat' dir='ltr'>et</span> <span class='ocrx_word' id='word_1_402' title='bbox 1944 2502 2147 2555; x_wconf 86' lang='lat' dir='ltr'>femora</span> <span class='ocrx_word' id='word_1_403' title='bbox 2184 2519 2313 2562; x_wconf 84' lang='lat' dir='ltr'>auro</span> <span class='ocrx_word' id='word_1_404' title='bbox 2334 2503 2508 2554; x_wconf 84' lang='lat' dir='ltr'>illinis.</span> <span class='ocrx_word' id='word_1_405' title='bbox 2576 2504 2734 2557; x_wconf 74' lang='lat' dir='ltr'>Foru.</span> 
     </span>
     <span class='ocr_line' id='line_1_78' title="bbox 1657 2582 2735 2647; baseline 0 -15"><span class='ocrx_word' id='word_1_406' title='bbox 1657 2582 2101 2647; x_wconf 72' lang='lat' dir='ltr'>-Proetrepidum]</span> <span class='ocrx_word' id='word_1_407' title='bbox 2156 2583 2326 2641; x_wconf 78' lang='lat' dir='ltr'>Notat</span> <span class='ocrx_word' id='word_1_408' title='bbox 2365 2582 2506 2632; x_wconf 85' lang='lat' dir='ltr'>illam</span> <span class='ocrx_word' id='word_1_409' title='bbox 2553 2583 2735 2637; x_wconf 81' lang='lat' dir='ltr'>cordis</span> 
     </span>
     <span class='ocr_line' id='line_1_79' title="bbox 1658 2657 2733 2726; baseline 0.002 -17"><span class='ocrx_word' id='word_1_410' title='bbox 1658 2659 2093 2726; x_wconf 69' lang='lat' dir='ltr'>subsultationem</span> <span class='ocrx_word' id='word_1_411' title='bbox 2124 2674 2193 2710; x_wconf 88' lang='lat' dir='ltr'>ex</span> <span class='ocrx_word' id='word_1_412' title='bbox 2231 2659 2387 2709; x_wconf 89' lang='lat' dir='ltr'>nimio</span> <span class='ocrx_word' id='word_1_413' title='bbox 2422 2657 2638 2709; x_wconf 88' lang='lat' dir='ltr'>adfectu</span> <span class='ocrx_word' id='word_1_414' title='bbox 2674 2666 2733 2718; x_wconf 80' lang='lat' dir='ltr'>et</span> 
     </span>
     <span class='ocr_line' id='line_1_80' title="bbox 1657 2737 2552 2801; baseline -0.002 -13"><span class='ocrx_word' id='word_1_415' title='bbox 1657 2738 1965 2801; x_wconf 85' lang='lat' dir='ltr'>cupiditate.</span> <span class='ocrx_word' id='word_1_416' title='bbox 2031 2737 2263 2790; x_wconf 85' lang='lat' dir='ltr'>Turneb.</span> <span class='ocrx_word' id='word_1_417' title='bbox 2284 2751 2441 2787; x_wconf 82' lang='lat' dir='ltr'>xxv1.</span> <span class='ocrx_word' id='word_1_418' title='bbox 2470 2742 2552 2786; x_wconf 89' lang='grc'>15.</span> 
     </span>
    </p>

    <p class='ocr_par' dir='ltr' id='par_1_12' title="bbox 1649 2813 2735 3576">
     <span class='ocr_line' id='line_1_81' title="bbox 1721 2813 2735 2881; baseline 0 -17"><span class='ocrx_word' id='word_1_419' title='bbox 1721 2820 1784 2868; x_wconf 87' lang='grc'>55</span> <span class='ocrx_word' id='word_1_420' title='bbox 1820 2815 2095 2881; x_wconf 73' lang='lat' dir='ltr'>Hinc,85c.]</span> <span class='ocrx_word' id='word_1_421' title='bbox 2129 2813 2476 2880; x_wconf 79' lang='lat' dir='ltr'>Antapodosis</span> <span class='ocrx_word' id='word_1_422' title='bbox 2494 2813 2735 2877; x_wconf 50' lang='lat' dir='ltr'>similituss</span> 
     </span>
     <span class='ocr_line' id='line_1_82' title="bbox 1657 2889 2733 2956; baseline -0.001 -16"><span class='ocrx_word' id='word_1_423' title='bbox 1657 2889 1806 2942; x_wconf 89' lang='lat' dir='ltr'>dinis.</span> <span class='ocrx_word' id='word_1_424' title='bbox 1842 2891 1994 2955; x_wconf 80' lang='lat' dir='ltr'>Hinc,</span> <span class='ocrx_word' id='word_1_425' title='bbox 2013 2891 2153 2956; x_wconf 89' lang='lat' dir='ltr'>quod</span> <span class='ocrx_word' id='word_1_426' title='bbox 2179 2897 2234 2939; x_wconf 89' lang='lat' dir='ltr'>tu</span> <span class='ocrx_word' id='word_1_427' title='bbox 2257 2905 2385 2940; x_wconf 86' lang='lat' dir='ltr'>auro</span> <span class='ocrx_word' id='word_1_428' title='bbox 2408 2889 2538 2940; x_wconf 83' lang='lat' dir='ltr'>adeo</span> <span class='ocrx_word' id='word_1_429' title='bbox 2556 2889 2733 2950; x_wconf 69' lang='lat' dir='ltr'>delec3</span> 
     </span>
     <span class='ocr_line' id='line_1_83' title="bbox 1656 2965 2732 3030; baseline -0.001 -13"><span class='ocrx_word' id='word_1_430' title='bbox 1656 2967 1781 3017; x_wconf 80' lang='lat' dir='ltr'>tatis</span> <span class='ocrx_word' id='word_1_431' title='bbox 1806 2968 1932 3018; x_wconf 86' lang='lat' dir='ltr'>illud</span> <span class='ocrx_word' id='word_1_432' title='bbox 1955 2967 2142 3029; x_wconf 90' lang='lat' dir='ltr'>oritur,</span> <span class='ocrx_word' id='word_1_433' title='bbox 2186 2966 2324 3030; x_wconf 78' lang='lat' dir='ltr'>quod</span> <span class='ocrx_word' id='word_1_434' title='bbox 2361 2965 2521 3015; x_wconf 87' lang='lat' dir='ltr'>etiam</span> <span class='ocrx_word' id='word_1_435' title='bbox 2553 2979 2732 3016; x_wconf 86' lang='lat' dir='ltr'>sacras</span> 
     </span>
     <span class='ocr_line' id='line_1_84' title="bbox 1654 3042 2731 3095; baseline -0.001 0"><span class='ocrx_word' id='word_1_436' title='bbox 1654 3045 1889 3095; x_wconf 86' lang='lat' dir='ltr'>Deorum</span> <span class='ocrx_word' id='word_1_437' title='bbox 1907 3051 2102 3095; x_wconf 85' lang='lat' dir='ltr'>statuas</span> <span class='ocrx_word' id='word_1_438' title='bbox 2118 3051 2172 3094; x_wconf 89' lang='lat' dir='ltr'>et</span> <span class='ocrx_word' id='word_1_439' title='bbox 2184 3042 2348 3094; x_wconf 83' lang='lat' dir='ltr'>facies</span> <span class='ocrx_word' id='word_1_440' title='bbox 2364 3057 2488 3093; x_wconf 83' lang='lat' dir='ltr'>auro</span> <span class='ocrx_word' id='word_1_441' title='bbox 2504 3042 2731 3094; x_wconf 85' lang='lat' dir='ltr'>inducis.</span> 
     </span>
     <span class='ocr_line' id='line_1_85' title="bbox 1655 3120 2734 3174; baseline -0.004 0"><span class='ocrx_word' id='word_1_442' title='bbox 1655 3121 1819 3174; x_wconf 82' lang='lat' dir='ltr'>Quasi</span> <span class='ocrx_word' id='word_1_443' title='bbox 1843 3136 1970 3171; x_wconf 83' lang='lat' dir='ltr'>auro</span> <span class='ocrx_word' id='word_1_444' title='bbox 1987 3121 2147 3171; x_wconf 87' lang='lat' dir='ltr'>etiam</span> <span class='ocrx_word' id='word_1_445' title='bbox 2179 3120 2734 3170; x_wconf 55' lang='lat' dir='ltr'>delementum-Illud</span> 
     </span>
     <span class='ocr_line' id='line_1_86' title="bbox 1651 3197 2729 3264; baseline 0.001 -16"><span class='ocrx_word' id='word_1_446' title='bbox 1651 3199 1825 3264; x_wconf 75' lang='lat' dir='ltr'>subiit]</span> <span class='ocrx_word' id='word_1_447' title='bbox 1862 3199 2003 3249; x_wconf 90' lang='lat' dir='ltr'>Hinc</span> <span class='ocrx_word' id='word_1_448' title='bbox 2038 3199 2132 3249; x_wconf 84' lang='lat' dir='ltr'>tibi</span> <span class='ocrx_word' id='word_1_449' title='bbox 2155 3198 2205 3248; x_wconf 90' lang='lat' dir='ltr'>id</span> <span class='ocrx_word' id='word_1_450' title='bbox 2232 3197 2287 3247; x_wconf 88' lang='lat' dir='ltr'>in</span> <span class='ocrx_word' id='word_1_451' title='bbox 2308 3206 2537 3248; x_wconf 88' lang='lat' dir='ltr'>mentem</span> <span class='ocrx_word' id='word_1_452' title='bbox 2563 3199 2729 3261; x_wconf 82' lang='lat' dir='ltr'>venit,</span> 
     </span>
     <span class='ocr_line' id='line_1_87' title="bbox 1652 3275 2730 3330; baseline -0.003 -2"><span class='ocrx_word' id='word_1_453' title='bbox 1652 3278 1733 3328; x_wconf 83' lang='lat' dir='ltr'>vel</span> <span class='ocrx_word' id='word_1_454' title='bbox 1758 3277 1980 3330; x_wconf 86' lang='lat' dir='ltr'>animum</span> <span class='ocrx_word' id='word_1_455' title='bbox 2004 3276 2168 3328; x_wconf 87' lang='lat' dir='ltr'>subiit</span> <span class='ocrx_word' id='word_1_456' title='bbox 2190 3282 2247 3326; x_wconf 91' lang='lat' dir='ltr'>et</span> <span class='ocrx_word' id='word_1_457' title='bbox 2268 3276 2480 3325; x_wconf 84' lang='lat' dir='ltr'>invasit.</span> <span class='ocrx_word' id='word_1_458' title='bbox 2570 3275 2730 3327; x_wconf 80' lang='lat' dir='ltr'>Quod</span> 
     </span>
     <span class='ocr_line' id='line_1_88' title="bbox 1652 3351 2733 3420; baseline -0.002 -16"><span class='ocrx_word' id='word_1_459' title='bbox 1652 3369 1718 3404; x_wconf 83' lang='lat' dir='ltr'>ex</span> <span class='ocrx_word' id='word_1_460' title='bbox 1742 3355 1920 3420; x_wconf 85' lang='lat' dir='ltr'>spoliis</span> <span class='ocrx_word' id='word_1_461' title='bbox 1963 3353 2148 3418; x_wconf 84' lang='lat' dir='ltr'>quibus</span> <span class='ocrx_word' id='word_1_462' title='bbox 2190 3351 2313 3402; x_wconf 90' lang='lat' dir='ltr'>olim</span> <span class='ocrx_word' id='word_1_463' title='bbox 2348 3352 2733 3416; x_wconf 85' lang='lat' dir='ltr'>triumpharant</span> 
     </span>
     <span class='ocr_line' id='line_1_89' title="bbox 1650 3432 2726 3498; baseline -0.002 -13"><span class='ocrx_word' id='word_1_464' title='bbox 1650 3433 1884 3498; x_wconf 74' lang='lat' dir='ltr'>milites„</span> <span class='ocrx_word' id='word_1_465' title='bbox 1904 3433 2181 3484; x_wconf 85' lang='lat' dir='ltr'>collectum</span> <span class='ocrx_word' id='word_1_466' title='bbox 2216 3438 2331 3481; x_wconf 86' lang='lat' dir='ltr'>erat</span> <span class='ocrx_word' id='word_1_467' title='bbox 2353 3437 2410 3482; x_wconf 88' lang='lat' dir='ltr'>et</span> <span class='ocrx_word' id='word_1_468' title='bbox 2432 3432 2726 3494; x_wconf 64' lang='lat' dir='ltr'>praedatum</span> 
     </span>
     <span class='ocr_line' id='line_1_90' title="bbox 1649 3508 2728 3576; baseline -0.002 -16"><span class='ocrx_word' id='word_1_469' title='bbox 1649 3526 1717 3560; x_wconf 85' lang='lat' dir='ltr'>ex</span> <span class='ocrx_word' id='word_1_470' title='bbox 1752 3511 1926 3576; x_wconf 84' lang='lat' dir='ltr'>spoliis</span> <span class='ocrx_word' id='word_1_471' title='bbox 1967 3512 2213 3560; x_wconf 87' lang='lat' dir='ltr'>hostium.</span> <span class='ocrx_word' id='word_1_472' title='bbox 2285 3509 2443 3557; x_wconf 81' lang='lat' dir='ltr'>Ovare</span> <span class='ocrx_word' id='word_1_473' title='bbox 2465 3508 2601 3558; x_wconf 89' lang='lat' dir='ltr'>enim</span> <span class='ocrx_word' id='word_1_474' title='bbox 2626 3510 2728 3573; x_wconf 70' lang='lat' dir='ltr'>sig-</span> 
     </span>
    </p>
   </div>
   <div class='ocr_carea' id='block_1_7' title="bbox 1649 3586 2787 3732">
    <p class='ocr_par' dir='ltr' id='par_1_13' title="bbox 1649 3586 2787 3732">
     <span class='ocr_line' id='line_1_91' title="bbox 1649 3586 2726 3660; baseline -0.001 -22"><span class='ocrx_word' id='word_1_475' title='bbox 1649 3587 1831 3639; x_wconf 82' lang='lat' dir='ltr'>nificat</span> <span class='ocrx_word' id='word_1_476' title='bbox 1847 3589 2095 3643; x_wconf 85' lang='lat' dir='ltr'>minorem</span> <span class='ocrx_word' id='word_1_477' title='bbox 2112 3586 2428 3650; x_wconf 87' lang='lat' dir='ltr'>triumphum</span> <span class='ocrx_word' id='word_1_478' title='bbox 2447 3600 2726 3660; x_wconf 77' lang='lat' dir='ltr'>peragere.</span> 
     </span>
     <span class='ocr_line' id='line_1_92' title="bbox 1649 3659 2787 3732; baseline 0.004 -22"><span class='ocrx_word' id='word_1_479' title='bbox 1649 3664 1898 3732; x_wconf 56' lang='lat' dir='ltr'>—OcapoJ</span> <span class='ocrx_word' id='word_1_480' title='bbox 1954 3664 2042 3715; x_wconf 89' lang='lat' dir='ltr'>Sic</span> <span class='ocrx_word' id='word_1_481' title='bbox 2090 3662 2309 3714; x_wconf 87' lang='lat' dir='ltr'>dicimus</span> <span class='ocrx_word' id='word_1_482' title='bbox 2359 3661 2725 3726; x_wconf 80' lang='lat' dir='ltr'>triumphatus.</span> <span class='ocrx_word' id='word_1_483' title='bbox 2778 3659 2787 3667; x_wconf 82' lang='lat'>&#39;</span> 
     </span>
    </p>
   </div>
   <div class='ocr_carea' id='block_1_8' title="bbox 1641 3740 1822 3816">
    <p class='ocr_par' dir='ltr' id='par_1_14' title="bbox 1641 3740 1822 3816">
     <span class='ocr_line' id='line_1_93' title="bbox 1641 3740 1822 3816; baseline -0.017 -22"><span class='ocrx_word' id='word_1_484' title='bbox 1641 3740 1822 3816; x_wconf 60' lang='lat' dir='ltr'>lubin.</span> 
     </span>
    </p>
   </div>
   <div class='ocr_carea' id='block_1_9' title="bbox 1644 3814 2726 4350">
    <p class='ocr_par' dir='ltr' id='par_1_15' title="bbox 1644 3814 2726 4350">
     <span class='ocr_line' id='line_1_94' title="bbox 1713 3814 2726 3884; baseline -0.002 -16"><span class='ocrx_word' id='word_1_485' title='bbox 1713 3822 1779 3870; x_wconf 83' lang='lat'>56</span> <span class='ocrx_word' id='word_1_486' title='bbox 1814 3816 2087 3884; x_wconf 74' lang='lat' dir='ltr'>Nam,85c.]</span> <span class='ocrx_word' id='word_1_487' title='bbox 2141 3814 2324 3867; x_wconf 86' lang='lat' dir='ltr'>Acron</span> <span class='ocrx_word' id='word_1_488' title='bbox 2365 3814 2549 3877; x_wconf 86' lang='lat' dir='ltr'>tradit,</span> <span class='ocrx_word' id='word_1_489' title='bbox 2581 3814 2726 3881; x_wconf 84' lang='lat' dir='ltr'>quod</span> 
     </span>
     <span class='ocr_line' id='line_1_95' title="bbox 1650 3891 2725 3961; baseline 0 -18"><span class='ocrx_word' id='word_1_490' title='bbox 1650 3895 1702 3944; x_wconf 92' lang='lat' dir='ltr'>in</span> <span class='ocrx_word' id='word_1_491' title='bbox 1721 3896 1927 3961; x_wconf 86' lang='lat' dir='ltr'>porticu</span> <span class='ocrx_word' id='word_1_492' title='bbox 1951 3893 2213 3957; x_wconf 86' lang='lat' dir='ltr'>Apollinis</span> <span class='ocrx_word' id='word_1_493' title='bbox 2247 3893 2478 3942; x_wconf 83' lang='lat' dir='ltr'>Palatini</span> <span class='ocrx_word' id='word_1_494' title='bbox 2509 3891 2725 3943; x_wconf 71' lang='lat' dir='ltr'>fixerunt</span> 
     </span>
     <span class='ocr_line' id='line_1_96' title="bbox 1647 3963 2721 4034; baseline -0.004 -10"><span class='ocrx_word' id='word_1_495' title='bbox 1647 3963 1943 4024; x_wconf 81' lang='lat' dir='ltr'>Danaidum</span> <span class='ocrx_word' id='word_1_496' title='bbox 1965 3970 2175 4034; x_wconf 86' lang='lat' dir='ltr'>effigies,</span> <span class='ocrx_word' id='word_1_497' title='bbox 2208 3976 2266 4019; x_wconf 89' lang='lat' dir='ltr'>et</span> <span class='ocrx_word' id='word_1_498' title='bbox 2301 3977 2487 4019; x_wconf 86' lang='lat' dir='ltr'>contra</span> <span class='ocrx_word' id='word_1_499' title='bbox 2509 3985 2598 4020; x_wconf 87' lang='lat' dir='ltr'>eas</span> <span class='ocrx_word' id='word_1_500' title='bbox 2622 3970 2721 4020; x_wconf 87' lang='lat' dir='ltr'>sub</span> 
     </span>
     <span class='ocr_line' id='line_1_97' title="bbox 1647 4045 2723 4113; baseline -0.004 -12"><span class='ocrx_word' id='word_1_501' title='bbox 1647 4051 1770 4101; x_wconf 87' lang='lat' dir='ltr'>divo</span> <span class='ocrx_word' id='word_1_502' title='bbox 1794 4049 2012 4101; x_wconf 87' lang='lat' dir='ltr'>totidem</span> <span class='ocrx_word' id='word_1_503' title='bbox 2058 4054 2328 4113; x_wconf 87' lang='lat' dir='ltr'>equestres</span> <span class='ocrx_word' id='word_1_504' title='bbox 2372 4045 2593 4096; x_wconf 85' lang='lat' dir='ltr'>filiorum</span> <span class='ocrx_word' id='word_1_505' title='bbox 2634 4047 2723 4097; x_wconf 83' lang='lat' dir='ltr'>AE-</span> 
     </span>
     <span class='ocr_line' id='line_1_98' title="bbox 1647 4124 2720 4192; baseline -0.002 -16"><span class='ocrx_word' id='word_1_506' title='bbox 1647 4126 1818 4192; x_wconf 76' lang='lat' dir='ltr'>gisthi.</span> <span class='ocrx_word' id='word_1_507' title='bbox 1887 4128 1967 4175; x_wconf 87' lang='lat' dir='ltr'>Ex</span> <span class='ocrx_word' id='word_1_508' title='bbox 1987 4126 2051 4175; x_wconf 89' lang='lat' dir='ltr'>iis</span> <span class='ocrx_word' id='word_1_509' title='bbox 2074 4133 2246 4175; x_wconf 85' lang='lat' dir='ltr'>autem</span> <span class='ocrx_word' id='word_1_510' title='bbox 2272 4124 2455 4176; x_wconf 86' lang='lat' dir='ltr'>statuis</span> <span class='ocrx_word' id='word_1_511' title='bbox 2477 4124 2720 4189; x_wconf 79' lang='lat' dir='ltr'>quaedam</span> 
     </span>
     <span class='ocr_line' id='line_1_99' title="bbox 1646 4202 2720 4268; baseline -0.005 -13"><span class='ocrx_word' id='word_1_512' title='bbox 1646 4205 1951 4258; x_wconf 87' lang='lat' dir='ltr'>dicebantur</span> <span class='ocrx_word' id='word_1_513' title='bbox 1974 4202 2355 4268; x_wconf 84' lang='lat' dir='ltr'>postulantibus</span> <span class='ocrx_word' id='word_1_514' title='bbox 2375 4216 2471 4266; x_wconf 88' lang='lat' dir='ltr'>per</span> <span class='ocrx_word' id='word_1_515' title='bbox 2487 4216 2720 4260; x_wconf 75' lang='lat' dir='ltr'>somnum</span> 
     </span>
     <span class='ocr_line' id='line_1_100' title="bbox 1644 4277 2720 4350; baseline -0.004 -18"><span class='ocrx_word' id='word_1_516' title='bbox 1644 4281 1773 4332; x_wconf 87' lang='lat' dir='ltr'>dare</span> <span class='ocrx_word' id='word_1_517' title='bbox 1795 4283 2019 4339; x_wconf 80' lang='lat' dir='ltr'>oracula.</span> <span class='ocrx_word' id='word_1_518' title='bbox 2060 4282 2168 4331; x_wconf 83' lang='lat' dir='ltr'>Vet.</span> <span class='ocrx_word' id='word_1_519' title='bbox 2211 4277 2720 4350; x_wconf 62' lang='lat' dir='ltr'>Sch.—Perdacissa-</span> 
     </span>
    </p>
   </div>
   <div class='ocr_carea' id='block_1_10' title="bbox 492 4355 2716 4435">
    <p class='ocr_par' dir='ltr' id='par_1_16' title="bbox 492 4355 2716 4435">
     <span class='ocr_line' id='line_1_101' title="bbox 492 4355 2716 4435; baseline -0.002 -25"><span class='ocrx_word' id='word_1_520' title='bbox 492 4356 833 4425; x_wconf 52' lang='lat' dir='ltr'>asperitatem</span> <span class='ocrx_word' id='word_1_521' title='bbox 856 4357 1059 4435; x_wconf 71' lang='lat' dir='ltr'>caelata.</span> <span class='ocrx_word' id='word_1_522' title='bbox 1128 4357 1387 4409; x_wconf 72' lang='lat' dir='ltr'>Salmasiu</span> <span class='ocrx_word' id='word_1_523' title='bbox 1419 4358 1570 4424; x_wconf 73' lang='lat' dir='ltr'>legit,</span> <span class='ocrx_word' id='word_1_524' title='bbox 1641 4359 1763 4424; x_wconf 74' lang='lat' dir='ltr'>aies]</span> <span class='ocrx_word' id='word_1_525' title='bbox 1818 4358 2093 4432; x_wconf 62' lang='lat' dir='ltr'>Per-ducis,</span> <span class='ocrx_word' id='word_1_526' title='bbox 2113 4355 2333 4421; x_wconf 88' lang='lat' dir='ltr'>inducis,</span> <span class='ocrx_word' id='word_1_527' title='bbox 2365 4356 2573 4430; x_wconf 80' lang='lat' dir='ltr'>oblinis,</span> <span class='ocrx_word' id='word_1_528' title='bbox 2610 4355 2716 4414; x_wconf 80' lang='lat' dir='ltr'>imo</span> 
     </span>
    </p>
   </div>
   <div class='ocr_carea' id='block_1_11' title="bbox 3074 2195 3079 2870">
    <p class='ocr_par' dir='ltr' id='par_1_17' title="bbox 3074 2195 3079 2870">
     <span class='ocr_line' id='line_1_102' title="bbox 3074 2195 3079 2870; baseline 0 0"><span class='ocrx_word' id='word_1_529' title='bbox 3074 2195 3079 2870; x_wconf 95' lang='lat' dir='ltr'> </span> 
     </span>
    </p>
   </div>
   <div class='ocr_carea' id='block_1_12' title="bbox 3065 3867 3072 4596">
    <p class='ocr_par' dir='ltr' id='par_1_18' title="bbox 3065 3867 3072 4596">
     <span class='ocr_line' id='line_1_103' title="bbox 3065 3867 3072 4596; baseline 0 0"><span class='ocrx_word' id='word_1_530' title='bbox 3065 3867 3072 4596; x_wconf 95' lang='lat' dir='ltr'> </span> 
     </span>
    </p>
   </div>
  </div>
 </body>
</html>
