3084 4934
527 388 615 479 8'6

1301 417 1374 465 A.
1422 415 1669 475 nasu
1691 382 1702 387 “
1721 413 1983 467 rucei

528 564 701 645 VoS,
734 584 777 630 o
806 563 1131 650 patrieius
1154 564 1448 645 sanguis,
1478 583 1651 649 quos
1681 563 1902 631 vivere
1929 561 2038 631 fas
2061 565 2169 631 est

529 668 825 755 Occipiti
855 689 1064 749 caeco,
1089 669 1371 753 posticae
1403 669 1740 739 ocourrite
1761 687 2011 737 sannae.
2343 758 2348 761 v

616 772 791 854 Quis
818 773 1056 859 populi
1083 792 1299 839 sermo
1323 778 1423 841 est
1443 774 1474 837 ‘t
1521 773 1673 858 quis
1701 772 1925 839 enimi
1970 770 2106 837 nisi
2133 770 2430 837 carmina
2453 768 2639 836 molli
2693 820 2700 827 ,

446 938 453 953 ,
527 875 728 945 Nunc
758 876 1027 942 wdemum
1054 896 1326 945 numero
1352 876 1584 954 fluere,
1613 879 1688 943 ut
1714 895 1833 960 per
1860 875 2011 945 leve
2037 891 2305 941 severos

1554 978 1702 1043 Scit
1727 976 1990 1041 tendere
2015 994 2278 1040 versum

456 982 459 987 ’
525 979 837 1045 Effundat
857 982 1168 1066 junctura
1192 998 1464 1061 ungues.

2648 928 2738 1041 65

525 1081 690 1149 Non
717 1100 937 1162 secuS,
980 1102 1060 1147 ac
1091 1083 1153 1147 si
1181 1082 1378 1149 oculo
1406 1081 1736 1149 rubricam
1765 1078 2009 1163 dirigat
2034 1097 2190 1144 uno.

526 1170 687 1252 Sive
707 1198 883 1272 opus
909 1187 978 1251 in
1002 1203 1241 1264 moreS,
1271 1185 1342 1248 in
1371 1185 1626 1262 luxum,
1657 1183 1725 1247 in
1751 1182 2029 1268 prandia
2055 1202 2304 1267 regum,

532 1361 724 1426 Apulia
765 1361 1024 1412 sitibunda.
1096 1363 1142 1411 0
1177 1377 1259 1412 vos
1291 1362 1488 1425 sanguis
1523 1362 1708 1427 nobilis,

1743 1360 1877 1426 queis
1913 1361 2076 1410 datum
2109 1365 2181 1410 est
2217 1360 2375 1411 vivere
2404 1360 2506 1410 sine
2524 1359 2739 1410 oculisne

528 1427 766 1504 occipitio,
802 1432 976 1504 eta-itote
1004 1428 1284 1478 derisionem
1316 1428 1688 1492 posteriorem.)
1757 1425 1889 1482 Quid
1903 1427 2114 1503 ’populus
2134 1423 2290 1477 dicit?
2357 1426 2487 1504 Quid
2507 1425 2738 1502 opimae-’ro

524 1493 1050 1622 3332}ssssssss
1058 1496 1310 1623 ,ἔῗΐ-ιζῖἰα
1312 1491 2470 1633 ⁸31m2‚“1‡2⁰m4‘5“3..{ff².z..225⁰2253
2475 1505 2576 1606 ..2²5
2577 1495 2740 1609 ‘2242

527 1638 668 1691 quam
688 1623 733 1673 si
753 1639 845 1673 uno
866 1625 994 1673 oculo
1014 1629 1153 1687 regat
1174 1623 1391 1688 lapillum
1409 1623 1621 1677 rubeum.
1686 1623 1785 1677 Seu
1807 1623 1955 1684 juvat
1971 1621 2177 1673 scu-abere
2203 1637 2258 1672 ιιι
2283 1636 2449 1689 mes,
2467 1636 2550 1671 seu
2570 1626 2744 1676 mm

1448 1752 1806 1774 θθθθθθθθθθθθ

521 1831 791 1898 scripsisse
814 1837 1003 1905 tuntum
1016 1849 1039 1894 ,·
1069 1849 1185 1900 quae
1206 1832 1367 1886 lectio
1388 1838 1445 1885 et
1466 1833 1760 1903 elegantior
1781 1835 1936 1899 longe
1957 1839 2060 1898 est,
2092 1838 2149 1884 et
2169 1832 2371 1898 planior
2389 1848 2404 1895 ;
2439 1831 2514 1883 sic
2546 1838 2604 1883 et
2626 1831 2737 1897 qui·

1522 1975 1743 2028 NOTAE

586 2092 646 2138 61
685 2088 932 2141 Patricius
951 2088 1173 2154 sanguis]
1226 2091 1447 2142 Patricii
1468 2097 1589 2142 sunt

522 2164 829 2215 Senatorum
849 2166 940 2216 filii
962 2184 975 2217 ε
1013 2162 1349 2233 nesignantur
1370 2170 1453 2219 hic
1477 2169 1587 2236 qui-

517 2244 650 2295 libet
669 2245 884 2296 Nobiles
901 2245 1138 2297 Romani.
1203 2247 1386 2298 Horat.
1410 2247 1477 2299 ad
1499 2248 1588 2296 Pi·

521 2337 704 2372 sones:
727 2324 743 2350 ‘
768 2324 874 2374 Vos
896 2339 926 2372 o
950 2323 1237 2389 Pompilius
1260 2325 1502 2391 sanguis!

583 2406 649 2450 62
687 2401 918 2467 occipiti]
975 2403 1205 2469 Occiput
1240 2420 1360 2470 pars
1395 2404 1585 2470 capitis

519 2479 796 2543 posterior,
819 2479 956 2530 sicut
977 2481 1207 2530 anterior
1229 2481 1473 2546 sinciput.

590 2556 861 2620 occurrite]
910 2557 1138 2607 Subeant
1160 2559 1285 2608 licet
1307 2558 1586 2609 ludibrium

520 2638 576 2683 et
603 2633 911 2683 derisionem
932 2633 1156 2699 plebeii3
1191 2640 1246 2685 at
1272 2650 1383 2697 vos),
1424 2650 1454 2684 o
1479 2637 1587 2685 No-

518 2710 653 2761 biles
678 2710 918 2773 Romani,
940 2724 1006 2759 ne
1028 2711 1324 2761 existimate
1346 2710 1582 2764 fortunas

516 2793 572 2838 et
590 2784 780 2837 famam
803 2795 1030 2837 vestram
1050 2789 1277 2853 pendere
1306 2805 1336 2839 a
1358 2789 1583 2840 versicu-

510 2864 613 2923 lis:
648 2864 717 2913 ab
739 2864 839 2914 illis
860 2863 1110 2913 faciendis
1145 2865 1400 2929 tantisper
1422 2866 1583 2916 absti-

514 2946 662 3004 nete,
695 2947 785 2990 aut
820 2942 1005 2990 saltem
1044 2941 1205 2992 bonos
1241 2941 1418 2992 facite.
1507 2942 1586 2994 At

515 3022 832 3069 mementote
874 3031 965 3066 vos
1020 3032 1201 3068 carere
1247 3018 1368 3068 Jani
1423 3020 1584 3070 oculis

515 3094 749 3159 a‘deoqne
774 3093 1083 3146 derisionem
1106 3101 1361 3145 secretam
1396 3095 1581 3147 timete

513 3185 691 3221 eorum
715 3171 962 3235 ipsorum,
996 3172 1083 3237 qui
1115 3186 1288 3223 coram
1327 3174 1469 3224 vobis
1491 3190 1582 3241 ap-

512 3246 789 3313 plaudunt.

580 3326 786 3376 Posticoe
826 3327 1010 3391 sonnoe]
1068 3329 1232 3379 Sanno
1271 3337 1351 3379 est
1390 3324 1583 3383 derisio

512 3402 656 3469 facta
688 3404 910 3455 distorto
933 3405 1113 3467 vultu3
1144 3409 1342 3469 postica,
1378 3423 1495 3473 quae
1520 3408 1582 3458 fit

512 3484 632 3548 p‘ost
653 3485 706 3529 et
727 3495 758 3530 a
782 3487 927 3544 tergo
949 3480 1167 3530 hominis
1192 3482 1367 3533 derisi.

577 3561 642 3613 62
705 3557 829 3614 Quis
861 3558 1026 3622 populi
1061 3574 1211 3608 sermo
1249 3562 1356 3625 est]
1410 3560 1582 3624 Supra

510 3635 688 3701 habes,
724 3636 783 3684 de
821 3651 912 3696 me,
948 3641 1069 3684 ante
1106 3637 1486 3699 parenthesim:
1523 3636 1578 3686 id

512 3716 614 3775 est,
636 3711 759 3777 quid
784 3711 849 3761 de
872 3710 1000 3760 meis
1026 3713 1292 3762 versiculis
1312 3713 1473 3763 sentit
1492 3728 1582 3779 po-

510 3789 682 3853 putus,
705 3788 832 3853 quid
853 3788 1019 3837 dicit?
1052 3788 1222 3852 inquit
1238 3789 1411 3838 Poe'ta
1431 3806 1580 3840 vanae

510 3865 693 3931 glorias
713 3865 1000 3929 cupiditate
1024 3871 1341 3917 excaecatus.

579 3942 701 3998 Quis
722 3940 881 3992 enim?
915 3942 1023 4007 ὅπη]
1091 3943 1220 3995 Quis
1266 3944 1395 3993 alius
1440 3940 1578 3995 esset

507 4034 695 4082 sermo,
728 4019 781 4068 id
807 4027 906 4081 est,
941 4018 1065 4084 quid
1087 4019 1228 4068 aliud
1251 4019 1426 4070 dicere
1459 4037 1578 4086 pos-

509 4101 611 4158 set,
650 4096 747 4145 nisi
789 4097 1052 4159 elegantes
1089 4103 1145 4146 et
1178 4097 1421 4147 sublimes
1460 4114 1574 4149 esse

510 4178 627 4225 tuos
649 4175 861 4222 versus?
899 4172 1201 4237 Respondet
1222 4174 1474 4226 adulator.

573 4253 638 4300 64
680 4251 748 4298 Ut
765 4265 853 4315 per
878 4251 975 4300 leve
1003 4249 1207 4313 severos]
1240 4246 1372 4301 Tam
1396 4253 1576 4303 molles

509 4330 567 4376 et
603 4325 757 4390 politi
793 4335 913 4378 sunt
952 4327 1028 4378 tui
1069 4343 1263 4395 versus,
1301 4337 1360 4378 nt
1383 4330 1575 4381 similes

1667 2084 1772 2142 sint
1815 2091 2042 2155 levigato
2080 2088 2343 2154 marmori,
2397 2103 2549 2152 supra
2592 2086 2734 2153 qnod

1668 2170 1777 2219 sine
1809 2183 2011 2220 remora
2047 2169 2309 2220 ducuntur
2347 2173 2404 2220 et
2440 2165 2609 2217 fluunt
2643 2181 2734 2219 nn·

1667 2263 1809 2313 gues.

1730 2330 1795 2375 66
1827 2325 2113 2390 Buba-icam]
2145 2323 2324 2377 Genus
2344 2328 2428 2375 est
2450 2329 2608 2377 terrae
2631 2321 2736 2375 fos·

1666 2402 1795 2466 silis,
1830 2403 2013 2453 coloris
2053 2402 2214 2463 rubri,
2258 2416 2373 2467 quoe
2408 2401 2630 2467 primum
2655 2414 2736 2449 re-

1665 2486 1819 2544 perta
1853 2479 1920 2529 ad
1958 2479 2139 2530 urbem
2177 2479 2444 2541 Sinopem,
2484 2476 2552 2529 ad
2590 2477 2734 2531 littus

1669 2558 1861 2606 Euxini
1897 2557 2051 2607 maris
2088 2557 2139 2605 in
2179 2555 2551 2621 Paphlagonia,
2594 2553 2732 2606 unde

1664 2640 1881 2684 vocatur
1919 2635 2074 2684 etiam
2107 2633 2328 2698 Sinopis.
2396 2633 2535 2687 Ptin.
2559 2645 2731 2684 xxxv.

1666 2716 1715 2763 6.
1746 2712 1860 2762 haec
1883 2711 2026 2762 utilis
2050 2710 2117 2760 ad
2139 2711 2396 2763 notandas
2418 2710 2598 2773 lineas,
2632 2707 2732 2761 Ar-

1662 2788 1918 2850 enitentis,
1940 2791 2038 2839 &c.
2212 2815 2215 2818 ·

1732 2866 1877 2915 Oculo
1894 2864 2078 2927 dirigat
2097 2864 2212 2927 uno]
2248 2863 2556 2927 Metaphora
2579 2876 2614 2913 a
2634 2864 2734 2914 Fa·
2760 2860 2765 2865 ’

1664 2941 1789 3006 bris,
1830 2942 1918 3008 qni
1955 2942 2145 2992 lineam
2167 2940 2376 2995 ducturi
2419 2946 2634 3005 recum,
2674 2946 2736 2995 et

1664 3020 1797 3070 hanc
1821 3035 1913 3069 seu
1936 3027 2081 3070 creta
2113 3035 2204 3073 seu
2239 3020 2451 3075 rubrica
2484 3018 2733 3083 notaturi,

1663 3097 1881 3148 alterum
1926 3098 2173 3149 claudunt
2214 3098 2439 3160 oculum,
2485 3112 2552 3151 ne
2600 3097 2732 3155 radii

1664 3175 1880 3225 visuales
1904 3174 2272 3239 distrahantur,
2293 3180 2349 3225 et
2368 3175 2632 3225 aberrent.

1726 3259 1792 3304 67
1810 3255 1926 3305 Sive
1937 3271 2052 3319 opus
2063 3256 2113 3304 in
2128 3253 2302 3318 mores]
2324 3255 2446 3304 Sive
2458 3254 2736 3305 scribenda

1664 3320 1945 3382 Comoedia.
2024 3331 2110 3381 Ita
2154 3338 2302 3381 vetus
2343 3331 2643 3397 Inter-pren
2676 3338 2733 3382 et

1663 3405 1751 3455 alii
1789 3406 1995 3470 quidam
2017 3407 2130 3471 ejus
2153 3408 2522 3457 auctoritatem
2543 3408 2729 3461 secuti.

1661 3484 1941 3548 Repugnat
1958 3483 2308 3548 casaubonus,
2330 3493 2384 3537 et
2398 3485 2579 3550 jungit
2600 3487 2731 3549 haec,

1661 3561 1712 3609 in
1743 3577 1932 3623 mores,
1967 3561 2021 3610 in
2045 3562 2255 3623 luxum3
2292 3564 2627 3628 explicatque
2661 3563 2728 3625 de
2831 3580 2834 3585 ·

1659 3638 1848 3700 Satira,
1893 3654 2008 3703 quae
2056 3646 2179 3689 tunc
2225 3639 2559 3690 usitatissima
2595 3646 2729 3706 erat,

1661 3731 1778 3765 cum
1803 3716 1994 3781 alioqui
2036 3717 2312 3769 Comoediae
2354 3716 2576 3782 scriptio
2597 3718 2729 3782 jam-

1662 3792 1862 3857 pridem
1884 3791 2072 3857 frigere
2096 3794 2412 3859 incoepisset.

1727 3870 1789 3919 In
1811 3870 2000 3934 luxum]
2050 3871 2182 3920 Haec
2207 3871 2367 3920 verba
2393 3871 2581 3923 Satirae
2617 3888 2726 3927 ma·

1659 3946 1844 3995 teriam
1872 3948 2052 4010 procul
2085 3948 2536 4012 dubi00exbibent:
2573 3949 2730 4015 sicut,

1657 4037 1844 4089 moreS,
1898 4024 2199 4087 Comoediae,
2244 4042 2359 4090 quae
2406 4041 2602 4077 morum
2642 4033 2725 4077 est

1656 4100 1921 4163 expressio
1939 4106 1997 4149 et
2012 4101 2133 4150 vitae
2155 4102 2435 4152 communis
2458 4102 2726 4155 admnbra-

1656 4177 1746 4228 tio.
1813 4177 2073 4243 Siquidem
2099 4191 2177 4244 ea,
2201 4185 2259 4229 ut
2280 4195 2402 4235 mox
2422 4179 2550 4244 dixi,
2573 4195 2721 4246 sepa-

1655 4256 1817 4306 randa
1836 4264 1973 4307 sunt.

1721 4333 1782 4382 In
1806 4333 2014 4397 prandia
2035 4333 2246 4398 Regum]
2308 4334 2433 4387 Sive
2452 4335 2728 4407 scribendo
