<?xml version="1.0" encoding="UTF-8"?>
<!DOCTYPE html PUBLIC "-//W3C//DTD XHTML 1.0 Transitional//EN"
    "http://www.w3.org/TR/xhtml1/DTD/xhtml1-transitional.dtd">
<html xmlns="http://www.w3.org/1999/xhtml" xml:lang="en" lang="en">
 <head>
  <title>
</title>
<meta http-equiv="Content-Type" content="text/html;charset=utf-8" />
  <meta name='ocr-system' content='tesseract 3.04.00' />
  <meta name='ocr-capabilities' content='ocr_page ocr_carea ocr_par ocr_line ocrx_word'/>
</head>
<body>
  <div class='ocr_page' id='page_1' title='image "./operaomnia00persgoog_0115.png"; bbox 0 0 3084 4934; ppageno 0'>
   <div class='ocr_carea' id='block_1_1' title="bbox 1267 448 1697 523">
    <p class='ocr_par' dir='ltr' id='par_1_1' title="bbox 1267 448 1697 523">
     <span class='ocr_line' id='line_1_1' title="bbox 1267 448 1697 523; baseline 0.009 -25"><span class='ocrx_word' id='word_1_1' title='bbox 1267 448 1546 499; x_wconf 62' lang='lat' dir='ltr'><strong>sums</strong></span> <span class='ocrx_word' id='word_1_2' title='bbox 1598 453 1697 523; x_wconf 61' lang='grc' dir='ltr'><strong>ιγ.</strong></span> 
     </span>
    </p>
   </div>
   <div class='ocr_carea' id='block_1_2' title="bbox 2458 442 2585 506">
    <p class='ocr_par' dir='ltr' id='par_1_2' title="bbox 2458 442 2585 506">
     <span class='ocr_line' id='line_1_2' title="bbox 2458 442 2585 506; baseline 0.016 -2"><span class='ocrx_word' id='word_1_3' title='bbox 2458 442 2585 506; x_wconf 86' lang='grc'><strong>101</strong></span> 
     </span>
    </p>
   </div>
   <div class='ocr_carea' id='block_1_3' title="bbox 378 592 1868 682">
    <p class='ocr_par' dir='ltr' id='par_1_3' title="bbox 378 592 1868 682">
     <span class='ocr_line' id='line_1_3' title="bbox 378 592 1868 682; baseline 0.003 -23"><span class='ocrx_word' id='word_1_4' title='bbox 378 593 511 659; x_wconf 85' lang='lat' dir='ltr'><strong>Sed</strong></span> <span class='ocrx_word' id='word_1_5' title='bbox 541 592 940 679; x_wconf 75' lang='lat' dir='ltr'><strong>praecedenti</strong></span> <span class='ocrx_word' id='word_1_6' title='bbox 969 597 1305 679; x_wconf 77' lang='lat' dir='ltr'><strong>spectatur</strong></span> <span class='ocrx_word' id='word_1_7' title='bbox 1330 594 1628 662; x_wconf 80' lang='lat' dir='ltr'><strong>mantica</strong></span> <span class='ocrx_word' id='word_1_8' title='bbox 1657 601 1868 682; x_wconf 78' lang='lat' dir='ltr'><strong>tergo,</strong></span> 
     </span>
    </p>
   </div>
   <div class='ocr_carea' id='block_1_4' title="bbox 463 695 2163 787">
    <p class='ocr_par' dir='ltr' id='par_1_4' title="bbox 463 695 2163 787">
     <span class='ocr_line' id='line_1_4' title="bbox 463 695 2163 787; baseline 0.002 -25"><span class='ocrx_word' id='word_1_9' title='bbox 463 696 858 778; x_wconf 73' lang='lat' dir='ltr'><strong>Quaesieris,</strong></span> <span class='ocrx_word' id='word_1_10' title='bbox 888 695 1158 763; x_wconf 85' lang='lat' dir='ltr'><strong>Nostin&#39;</strong></span> <span class='ocrx_word' id='word_1_11' title='bbox 1185 696 1461 764; x_wconf 81' lang='lat' dir='ltr'><strong>Vectidi</strong></span> <span class='ocrx_word' id='word_1_12' title='bbox 1489 698 1747 783; x_wconf 86' lang='lat' dir='ltr'><strong>praedia</strong></span> <span class='ocrx_word' id='word_1_13' title='bbox 1767 702 1805 765; x_wconf 67' lang='lat' dir='ltr'><strong>‘f</strong></span> <span class='ocrx_word' id='word_1_14' title='bbox 1845 705 1866 735; x_wconf 91' lang='lat'>‘</span> <span class='ocrx_word' id='word_1_15' title='bbox 1898 700 2005 787; x_wconf 85' lang='lat' dir='ltr'><strong>cuj</strong></span> <span class='ocrx_word' id='word_1_16' title='bbox 2015 715 2093 767; x_wconf 81' lang='lat' dir='ltr'><strong>u&#39;s</strong></span> <span class='ocrx_word' id='word_1_17' title='bbox 2110 700 2163 765; x_wconf 62' lang='grc' dir='ltr'><strong>’.θ’</strong></span> 
     </span>
    </p>
   </div>
   <div class='ocr_carea' id='block_1_5' title="bbox 379 798 2190 989">
    <p class='ocr_par' dir='ltr' id='par_1_5' title="bbox 379 798 2190 989">
     <span class='ocr_line' id='line_1_5' title="bbox 379 798 2190 887; baseline 0.003 -23"><span class='ocrx_word' id='word_1_18' title='bbox 379 798 591 865; x_wconf 87' lang='lat' dir='ltr'><strong>Dives</strong></span> <span class='ocrx_word' id='word_1_19' title='bbox 621 804 764 865; x_wconf 83' lang='lat' dir='ltr'><strong>arat</strong></span> <span class='ocrx_word' id='word_1_20' title='bbox 789 798 1101 877; x_wconf 76' lang='lat' dir='ltr'><strong>CuribuS,</strong></span> <span class='ocrx_word' id='word_1_21' title='bbox 1132 806 1448 887; x_wconf 89' lang='lat' dir='ltr'><strong>quantum</strong></span> <span class='ocrx_word' id='word_1_22' title='bbox 1474 821 1610 868; x_wconf 89' lang='lat' dir='ltr'><strong>non</strong></span> <span class='ocrx_word' id='word_1_23' title='bbox 1633 802 1885 868; x_wconf 88' lang='lat' dir='ltr'><strong>milvus</strong></span> <span class='ocrx_word' id='word_1_24' title='bbox 1914 803 2190 870; x_wconf 84' lang='lat' dir='ltr'><strong>oberret.</strong></span> 
     </span>
     <span class='ocr_line' id='line_1_6' title="bbox 379 901 2105 989; baseline 0.002 -24"><span class='ocrx_word' id='word_1_25' title='bbox 379 905 398 934; x_wconf 91' lang='lat'>‘</span> <span class='ocrx_word' id='word_1_26' title='bbox 431 901 637 967; x_wconf 86' lang='lat' dir='ltr'><strong>Hunc</strong></span> <span class='ocrx_word' id='word_1_27' title='bbox 667 903 823 968; x_wconf 78' lang='lat' dir='ltr'><strong>ais‘l</strong></span> <span class='ocrx_word' id='word_1_28' title='bbox 866 902 1040 968; x_wconf 89' lang='lat' dir='ltr'><strong>hunc</strong></span> <span class='ocrx_word' id='word_1_29' title='bbox 1071 901 1200 967; x_wconf 88' lang='lat' dir='ltr'><strong>Dis</strong></span> <span class='ocrx_word' id='word_1_30' title='bbox 1225 903 1409 968; x_wconf 85' lang='lat' dir='ltr'><strong>iratis</strong></span> <span class='ocrx_word' id='word_1_31' title='bbox 1438 904 1757 989; x_wconf 79' lang='lat' dir='ltr'>genioque</span> <span class='ocrx_word' id='word_1_32' title='bbox 1785 904 2105 970; x_wconf 68' lang='lat' dir='ltr'><strong>sinistro?</strong></span> 
     </span>
    </p>
   </div>
   <div class='ocr_carea' id='block_1_6' title="bbox 373 1067 982 1135">
    <p class='ocr_par' dir='ltr' id='par_1_6' title="bbox 373 1067 982 1135">
     <span class='ocr_line' id='line_1_7' title="bbox 373 1067 982 1135; baseline 0.005 -18"><span class='ocrx_word' id='word_1_33' title='bbox 373 1067 982 1135; x_wconf 69' lang='lat' dir='ltr'><strong>uussusconuturseipsum</strong></span> 
     </span>
    </p>
   </div>
   <div class='ocr_carea' id='block_1_7' title="bbox 1013 1069 2584 1138">
    <p class='ocr_par' dir='ltr' id='par_1_7' title="bbox 1013 1069 2584 1138">
     <span class='ocr_line' id='line_1_8' title="bbox 1013 1069 2584 1138; baseline 0.002 -16"><span class='ocrx_word' id='word_1_34' title='bbox 1013 1069 1170 1122; x_wconf 77' lang='lat' dir='ltr'><strong>subire</strong></span> <span class='ocrx_word' id='word_1_35' title='bbox 1185 1088 1208 1132; x_wconf 79' lang='lat'><strong>‚-</strong></span> <span class='ocrx_word' id='word_1_36' title='bbox 1239 1073 1411 1133; x_wconf 68' lang='lat' dir='ltr'><strong>nunus,</strong></span> <span class='ocrx_word' id='word_1_37' title='bbox 1443 1071 1683 1137; x_wconf 80' lang='lat' dir='ltr'><strong>inquam:</strong></span> <span class='ocrx_word' id='word_1_38' title='bbox 1716 1075 1799 1124; x_wconf 76' lang='lat' dir='ltr'><strong>sed</strong></span> <span class='ocrx_word' id='word_1_39' title='bbox 1826 1073 2151 1123; x_wconf 71' lang='lat' dir='ltr'><strong>consideratur</strong></span> <span class='ocrx_word' id='word_1_40' title='bbox 2172 1071 2433 1124; x_wconf 79' lang='lat' dir='ltr'><strong>duntaxat</strong></span> <span class='ocrx_word' id='word_1_41' title='bbox 2465 1088 2584 1138; x_wconf 80' lang='lat' dir='ltr'><strong>pera</strong></span> 
     </span>
    </p>
   </div>
   <div class='ocr_carea' id='block_1_8' title="bbox 371 1133 2663 1335">
    <p class='ocr_par' dir='ltr' id='par_1_8' title="bbox 371 1133 2663 1335">
     <span class='ocr_line' id='line_1_9' title="bbox 371 1133 2589 1204; baseline 0.004 -23"><span class='ocrx_word' id='word_1_42' title='bbox 371 1133 508 1182; x_wconf 75' lang='lat' dir='ltr'><strong>dom</strong></span> <span class='ocrx_word' id='word_1_43' title='bbox 521 1136 835 1186; x_wconf 68' lang='lat' dir='ltr'><strong>antecedenti.</strong></span> <span class='ocrx_word' id='word_1_44' title='bbox 885 1137 1042 1186; x_wconf 80' lang='lat' dir='ltr'><strong>Forte</strong></span> <span class='ocrx_word' id='word_1_45' title='bbox 1060 1136 1458 1199; x_wconf 52' lang='lat' dir='ltr'><strong>interrogaverim</strong></span> <span class='ocrx_word' id='word_1_46' title='bbox 1478 1153 1542 1186; x_wconf 68' lang='lat' dir='ltr'><strong>m</strong></span> <span class='ocrx_word' id='word_1_47' title='bbox 1559 1137 1656 1188; x_wconf 77' lang='lat' dir='ltr'><strong>scis</strong></span> <span class='ocrx_word' id='word_1_48' title='bbox 1670 1135 2085 1201; x_wconf 60' lang='lat' dir='ltr'><strong>ugrosffeetidii?</strong></span> <span class='ocrx_word' id='word_1_49' title='bbox 2121 1136 2419 1201; x_wconf 60' lang='lat' dir='ltr'><strong>Cuiusnam?</strong></span> <span class='ocrx_word' id='word_1_50' title='bbox 2455 1141 2589 1204; x_wconf 81' lang='lat' dir='ltr'><strong>Opu-</strong></span> 
     </span>
     <span class='ocr_line' id='line_1_10' title="bbox 373 1198 2663 1266; baseline 0.003 -20"><span class='ocrx_word' id='word_1_51' title='bbox 373 1198 526 1247; x_wconf 77' lang='lat' dir='ltr'><strong>lcutus</strong></span> <span class='ocrx_word' id='word_1_52' title='bbox 547 1199 756 1263; x_wconf 84' lang='lat' dir='ltr'><strong>quidam</strong></span> <span class='ocrx_word' id='word_1_53' title='bbox 790 1202 921 1264; x_wconf 79' lang='lat' dir='ltr'><strong>apud</strong></span> <span class='ocrx_word' id='word_1_54' title='bbox 945 1203 1095 1252; x_wconf 80' lang='lat' dir='ltr'><strong>Cures</strong></span> <span class='ocrx_word' id='word_1_55' title='bbox 1114 1201 1227 1251; x_wconf 74' lang='lat' dir='ltr'><strong>colit</strong></span> <span class='ocrx_word' id='word_1_56' title='bbox 1249 1207 1454 1251; x_wconf 89' lang='lat' dir='ltr'><strong>tantum</strong></span> <span class='ocrx_word' id='word_1_57' title='bbox 1475 1203 1605 1266; x_wconf 75' lang='lat' dir='ltr'><strong>agri,</strong></span> <span class='ocrx_word' id='word_1_58' title='bbox 1634 1208 1859 1266; x_wconf 72' lang='lat' dir='ltr'><strong>quantum</strong></span> <span class='ocrx_word' id='word_1_59' title='bbox 1885 1204 2059 1252; x_wconf 80' lang='lat' dir='ltr'><strong>milvus</strong></span> <span class='ocrx_word' id='word_1_60' title='bbox 2076 1217 2170 1252; x_wconf 79' lang='lat' dir='ltr'><strong>uon</strong></span> <span class='ocrx_word' id='word_1_61' title='bbox 2190 1203 2550 1254; x_wconf 70' lang='lat' dir='ltr'><strong><em>circumvolaret</em></strong></span> <span class='ocrx_word' id='word_1_62' title='bbox 2565 1220 2585 1254; x_wconf 93' lang='lat'><strong>.·</strong></span> <span class='ocrx_word' id='word_1_63' title='bbox 2658 1230 2663 1235; x_wconf 89' lang='lat'><strong>·</strong></span> 
     </span>
     <span class='ocr_line' id='line_1_11' title="bbox 372 1261 2591 1335; baseline 0.003 -23"><span class='ocrx_word' id='word_1_64' title='bbox 372 1261 582 1313; x_wconf 54' lang='lat' dir='ltr'><strong>&amp;mnne</strong></span> <span class='ocrx_word' id='word_1_65' title='bbox 601 1263 757 1318; x_wconf 73' lang='lat' dir='ltr'><strong>dicis?</strong></span> <span class='ocrx_word' id='word_1_66' title='bbox 821 1266 997 1331; x_wconf 72' lang='lat' dir='ltr'><strong>Istum,</strong></span> <span class='ocrx_word' id='word_1_67' title='bbox 1019 1266 1247 1333; x_wconf 86' lang='lat' dir='ltr'><strong>inquam,</strong></span> <span class='ocrx_word' id='word_1_68' title='bbox 1281 1267 1372 1332; x_wconf 87' lang='lat' dir='ltr'><strong>qui</strong></span> <span class='ocrx_word' id='word_1_69' title='bbox 1396 1267 1524 1317; x_wconf 83' lang='lat' dir='ltr'><strong>vivit</strong></span> <span class='ocrx_word' id='word_1_70' title='bbox 1551 1266 1751 1328; x_wconf 52' lang='lat' dir='ltr'><strong>infensis</strong></span> <span class='ocrx_word' id='word_1_71' title='bbox 1780 1267 2086 1333; x_wconf 71' lang='lat' dir='ltr'><strong>Numinibus,</strong></span> <span class='ocrx_word' id='word_1_72' title='bbox 2120 1272 2168 1319; x_wconf 84' lang='lat' dir='ltr'><strong>et</strong></span> <span class='ocrx_word' id='word_1_73' title='bbox 2193 1268 2349 1318; x_wconf 72' lang='lat' dir='ltr'><strong>Genio</strong></span> <span class='ocrx_word' id='word_1_74' title='bbox 2370 1284 2462 1319; x_wconf 74' lang='lat' dir='ltr'><strong>noa</strong></span> <span class='ocrx_word' id='word_1_75' title='bbox 2479 1284 2591 1335; x_wconf 82' lang='lat' dir='ltr'><strong>pro·</strong></span> 
     </span>
    </p>
   </div>
   <div class='ocr_carea' id='block_1_9' title="bbox 1301 1397 1661 1421">
    <p class='ocr_par' dir='ltr' id='par_1_9' title="bbox 1301 1397 1661 1421">
     <span class='ocr_line' id='line_1_12' title="bbox 1301 1397 1661 1421; baseline 0 -3"><span class='ocrx_word' id='word_1_76' title='bbox 1301 1397 1506 1418; x_wconf 54' lang='lat'><strong>“000¹“</strong></span> <span class='ocrx_word' id='word_1_77' title='bbox 1513 1398 1661 1421; x_wconf 55' lang='lat'><strong>‘0000</strong></span> 
     </span>
    </p>
   </div>
   <div class='ocr_carea' id='block_1_10' title="bbox 370 1482 2588 1682">
    <p class='ocr_par' dir='ltr' id='par_1_10' title="bbox 370 1482 2588 1682">
     <span class='ocr_line' id='line_1_13' title="bbox 370 1482 2588 1566; baseline 0.002 -24"><span class='ocrx_word' id='word_1_78' title='bbox 370 1494 576 1558; x_wconf 67' lang='lat' dir='ltr'><strong>preced.</strong></span> <span class='ocrx_word' id='word_1_79' title='bbox 599 1493 704 1546; x_wconf 81' lang='lat' dir='ltr'><strong>Ms.</strong></span> <span class='ocrx_word' id='word_1_80' title='bbox 727 1492 938 1547; x_wconf 78' lang='lat' dir='ltr'><strong>R.-2o</strong></span> <span class='ocrx_word' id='word_1_81' title='bbox 973 1495 1160 1566; x_wconf 65' lang='lat' dir='ltr'><strong>oberrat</strong></span> <span class='ocrx_word' id='word_1_82' title='bbox 1182 1497 1287 1548; x_wconf 87' lang='lat' dir='ltr'><strong>Ms.</strong></span> <span class='ocrx_word' id='word_1_83' title='bbox 1305 1498 1372 1550; x_wconf 80' lang='lat' dir='ltr'><strong>R.</strong></span> <span class='ocrx_word' id='word_1_84' title='bbox 1394 1503 1451 1550; x_wconf 91' lang='lat' dir='ltr'><strong>et</strong></span> <span class='ocrx_word' id='word_1_85' title='bbox 1474 1500 1671 1551; x_wconf 75' lang='lat' dir='ltr'><strong>c.-—29</strong></span> <span class='ocrx_word' id='word_1_86' title='bbox 1703 1499 1789 1551; x_wconf 85' lang='lat' dir='ltr'><strong>Ita</strong></span> <span class='ocrx_word' id='word_1_87' title='bbox 1809 1497 1955 1551; x_wconf 81' lang='lat' dir='ltr'>Libri</span> <span class='ocrx_word' id='word_1_88' title='bbox 1981 1497 2241 1550; x_wconf 77' lang='lat' dir='ltr'><strong>Puteani:</strong></span> <span class='ocrx_word' id='word_1_89' title='bbox 2275 1498 2364 1550; x_wconf 80' lang='lat' dir='ltr'><strong>alii</strong></span> <span class='ocrx_word' id='word_1_90' title='bbox 2383 1482 2588 1549; x_wconf 52' lang='lat' dir='ltr'><strong>veteri&amp;</strong></span> 
     </span>
     <span class='ocr_line' id='line_1_14' title="bbox 1366 1630 1588 1682; baseline -0.005 -1"><span class='ocrx_word' id='word_1_91' title='bbox 1366 1630 1588 1682; x_wconf 77' lang='lat' dir='ltr'><strong>NOTAE</strong></span> 
     </span>
    </p>
   </div>
   <div class='ocr_carea' id='block_1_11' title="bbox 302 1739 1444 4437">
    <p class='ocr_par' dir='ltr' id='par_1_11' title="bbox 371 1739 1434 1881">
     <span class='ocr_line' id='line_1_15' title="bbox 371 1739 1434 1814; baseline 0.009 -26"><span class='ocrx_word' id='word_1_92' title='bbox 371 1739 537 1789; x_wconf 84' lang='lat' dir='ltr'><strong>latere</strong></span> <span class='ocrx_word' id='word_1_93' title='bbox 568 1744 721 1803; x_wconf 86' lang='lat' dir='ltr'><strong>putet</strong></span> <span class='ocrx_word' id='word_1_94' title='bbox 742 1755 837 1791; x_wconf 84' lang='lat' dir='ltr'><strong>sua</strong></span> <span class='ocrx_word' id='word_1_95' title='bbox 857 1739 1075 1809; x_wconf 81' lang='lat' dir='ltr'><strong>flagitia,</strong></span> <span class='ocrx_word' id='word_1_96' title='bbox 1111 1760 1228 1812; x_wconf 81' lang='lat' dir='ltr'><strong>quae</strong></span> <span class='ocrx_word' id='word_1_97' title='bbox 1244 1746 1355 1814; x_wconf 88' lang='lat' dir='ltr'><strong>jam</strong></span> <span class='ocrx_word' id='word_1_98' title='bbox 1380 1747 1434 1798; x_wconf 91' lang='lat' dir='ltr'><strong>in</strong></span> 
     </span>
     <span class='ocr_line' id='line_1_16' title="bbox 372 1816 929 1881; baseline 0.007 -16"><span class='ocrx_word' id='word_1_99' title='bbox 372 1816 546 1865; x_wconf 84' lang='lat' dir='ltr'><strong>lucem</strong></span> <span class='ocrx_word' id='word_1_100' title='bbox 567 1817 929 1881; x_wconf 80' lang='lat' dir='ltr'><strong>erumpebant.</strong></span> 
     </span>
    </p>

    <p class='ocr_par' dir='ltr' id='par_1_12' title="bbox 366 1884 1441 2346">
     <span class='ocr_line' id='line_1_17' title="bbox 366 1884 1437 1963; baseline 0.008 -23"><span class='ocrx_word' id='word_1_101' title='bbox 366 1884 375 1907; x_wconf 77' lang='lat'>³</span> <span class='ocrx_word' id='word_1_102' title='bbox 437 1891 500 1940; x_wconf 75' lang='lat' dir='ltr'><strong>Iu</strong></span> <span class='ocrx_word' id='word_1_103' title='bbox 518 1907 620 1943; x_wconf 79' lang='lat' dir='ltr'><strong>sese</strong></span> <span class='ocrx_word' id='word_1_104' title='bbox 638 1894 938 1960; x_wconf 75' lang='lat' dir='ltr'><strong>descendere]</strong></span> <span class='ocrx_word' id='word_1_105' title='bbox 969 1895 1204 1961; x_wconf 86' lang='lat' dir='ltr'><strong>Seipsum</strong></span> <span class='ocrx_word' id='word_1_106' title='bbox 1228 1898 1437 1963; x_wconf 83' lang='lat' dir='ltr'><strong>penitus</strong></span> 
     </span>
     <span class='ocr_line' id='line_1_18' title="bbox 368 1967 1441 2037; baseline 0.009 -20"><span class='ocrx_word' id='word_1_107' title='bbox 368 1967 731 2035; x_wconf 79' lang='lat' dir='ltr'><strong>introspicere,</strong></span> <span class='ocrx_word' id='word_1_108' title='bbox 787 1972 1016 2037; x_wconf 87' lang='lat' dir='ltr'><strong>seipsum</strong></span> <span class='ocrx_word' id='word_1_109' title='bbox 1070 1973 1333 2026; x_wconf 86' lang='lat' dir='ltr'><strong>discutere</strong></span> <span class='ocrx_word' id='word_1_110' title='bbox 1382 1981 1441 2026; x_wconf 90' lang='lat' dir='ltr'><strong>et</strong></span> 
     </span>
     <span class='ocr_line' id='line_1_19' title="bbox 368 2044 1438 2117; baseline 0.008 -23"><span class='ocrx_word' id='word_1_111' title='bbox 368 2044 686 2113; x_wconf 76' lang='lat' dir='ltr'><strong>&#39;examinat-e,</strong></span> <span class='ocrx_word' id='word_1_112' title='bbox 708 2055 887 2115; x_wconf 87' lang='lat' dir='ltr'><strong>atque,</strong></span> <span class='ocrx_word' id='word_1_113' title='bbox 909 2055 969 2101; x_wconf 71' lang='grc' dir='ltr'><strong>ιη</strong></span> <span class='ocrx_word' id='word_1_114' title='bbox 987 2057 1070 2101; x_wconf 86' lang='lat' dir='ltr'><strong>est</strong></span> <span class='ocrx_word' id='word_1_115' title='bbox 1090 2050 1144 2100; x_wconf 85' lang='lat' dir='ltr'><strong>in</strong></span> <span class='ocrx_word' id='word_1_116' title='bbox 1161 2051 1265 2103; x_wconf 84' lang='lat' dir='ltr'><strong>fine</strong></span> <span class='ocrx_word' id='word_1_117' title='bbox 1283 2052 1438 2117; x_wconf 76' lang='lat' dir='ltr'><strong>hujus</strong></span> 
     </span>
     <span class='ocr_line' id='line_1_20' title="bbox 371 2123 1438 2196; baseline 0.009 -23"><span class='ocrx_word' id='word_1_118' title='bbox 371 2123 577 2188; x_wconf 76' lang='lat' dir='ltr'><strong>Satirae,</strong></span> <span class='ocrx_word' id='word_1_119' title='bbox 609 2125 779 2176; x_wconf 78' lang='lat' dir='ltr'><strong>Secum</strong></span> <span class='ocrx_word' id='word_1_120' title='bbox 798 2127 1036 2193; x_wconf 57' lang='lat' dir='ltr'><strong>habitae,</strong></span> <span class='ocrx_word' id='word_1_121' title='bbox 1074 2129 1139 2180; x_wconf 90' lang='lat' dir='ltr'><strong>ad</strong></span> <span class='ocrx_word' id='word_1_122' title='bbox 1172 2146 1285 2182; x_wconf 86' lang='lat' dir='ltr'><strong>sese</strong></span> <span class='ocrx_word' id='word_1_123' title='bbox 1319 2147 1438 2196; x_wconf 81' lang='lat' dir='ltr'><strong>cog-</strong></span> 
     </span>
     <span class='ocr_line' id='line_1_21' title="bbox 371 2201 1438 2275; baseline 0.009 -24"><span class='ocrx_word' id='word_1_124' title='bbox 371 2201 705 2275; x_wconf 82' lang='lat' dir='ltr'><strong>noscendum,</strong></span> <span class='ocrx_word' id='word_1_125' title='bbox 718 2218 784 2254; x_wconf 82' lang='lat' dir='ltr'><strong>ex</strong></span> <span class='ocrx_word' id='word_1_126' title='bbox 800 2213 1070 2273; x_wconf 59' lang='lat' dir='ltr'><strong>praecepto</strong></span> <span class='ocrx_word' id='word_1_127' title='bbox 1087 2206 1297 2261; x_wconf 84' lang='lat' dir='ltr'><strong>Oraculi</strong></span> <span class='ocrx_word' id='word_1_128' title='bbox 1316 2211 1438 2261; x_wconf 86' lang='lat' dir='ltr'><strong>Del·</strong></span> 
     </span>
     <span class='ocr_line' id='line_1_22' title="bbox 373 2278 965 2346; baseline 0.012 -19"><span class='ocrx_word' id='word_1_129' title='bbox 373 2278 533 2346; x_wconf 83' lang='lat' dir='ltr'><strong>p&#39;hici,</strong></span> <span class='ocrx_word' id='word_1_130' title='bbox 568 2283 715 2343; x_wconf 65' lang='grc' dir='ltr'><strong><em>γνῶθι</em></strong></span> <span class='ocrx_word' id='word_1_131' title='bbox 747 2280 965 2335; x_wconf 71' lang='grc' dir='ltr'><strong>σεαυτόν.</strong></span> 
     </span>
    </p>

    <p class='ocr_par' dir='ltr' id='par_1_13' title="bbox 302 2355 1439 3956">
     <span class='ocr_line' id='line_1_23' title="bbox 433 2355 1436 2424; baseline 0.01 -19"><span class='ocrx_word' id='word_1_132' title='bbox 433 2358 498 2406; x_wconf 79' lang='grc'><strong>24</strong></span> <span class='ocrx_word' id='word_1_133' title='bbox 531 2355 834 2409; x_wconf 74' lang='lat' dir='ltr'><strong>Proecedeati</strong></span> <span class='ocrx_word' id='word_1_134' title='bbox 852 2365 1094 2424; x_wconf 73' lang='lat' dir='ltr'><strong>spectatur</strong></span> <span class='ocrx_word' id='word_1_135' title='bbox 1113 2363 1320 2414; x_wconf 79' lang='lat' dir='ltr'><strong>mantica</strong></span> <span class='ocrx_word' id='word_1_136' title='bbox 1341 2369 1436 2415; x_wconf 82' lang='lat' dir='ltr'><strong>ter-</strong></span> 
     </span>
     <span class='ocr_line' id='line_1_24' title="bbox 367 2430 1439 2506; baseline 0.01 -26"><span class='ocrx_word' id='word_1_137' title='bbox 367 2430 454 2496; x_wconf 78' lang='lat' dir='ltr'><strong>go]</strong></span> <span class='ocrx_word' id='word_1_138' title='bbox 478 2432 545 2482; x_wconf 87' lang='lat' dir='ltr'><strong>Id</strong></span> <span class='ocrx_word' id='word_1_139' title='bbox 565 2438 665 2497; x_wconf 89' lang='lat' dir='ltr'><strong>est,</strong></span> <span class='ocrx_word' id='word_1_140' title='bbox 687 2435 1081 2488; x_wconf 87' lang='lat' dir='ltr'><strong>considerantur</strong></span> <span class='ocrx_word' id='word_1_141' title='bbox 1102 2438 1272 2490; x_wconf 86' lang='lat' dir='ltr'><strong>aliena</strong></span> <span class='ocrx_word' id='word_1_142' title='bbox 1295 2440 1439 2506; x_wconf 86' lang='lat' dir='ltr'><strong>vitia,</strong></span> 
     </span>
     <span class='ocr_line' id='line_1_25' title="bbox 374 2509 1438 2585; baseline 0.012 -28"><span class='ocrx_word' id='word_1_143' title='bbox 374 2509 458 2559; x_wconf 84' lang='lat' dir='ltr'><strong>vel</strong></span> <span class='ocrx_word' id='word_1_144' title='bbox 493 2509 546 2559; x_wconf 90' lang='lat' dir='ltr'><strong>in</strong></span> <span class='ocrx_word' id='word_1_145' title='bbox 570 2513 779 2562; x_wconf 71' lang='lat' dir='ltr'><strong>mantica</strong></span> <span class='ocrx_word' id='word_1_146' title='bbox 812 2528 930 2579; x_wconf 81' lang='lat' dir='ltr'><strong>quae</strong></span> <span class='ocrx_word' id='word_1_147' title='bbox 952 2516 1226 2581; x_wconf 63' lang='lat' dir='ltr'><strong>praecedit,</strong></span> <span class='ocrx_word' id='word_1_148' title='bbox 1253 2525 1438 2585; x_wconf 88' lang='lat' dir='ltr'><strong>estque</strong></span> 
     </span>
     <span class='ocr_line' id='line_1_26' title="bbox 364 2582 1432 2658; baseline 0.009 -22"><span class='ocrx_word' id='word_1_149' title='bbox 364 2582 496 2638; x_wconf 83' lang='lat' dir='ltr'><strong>&#39;ante</strong></span> <span class='ocrx_word' id='word_1_150' title='bbox 518 2593 744 2654; x_wconf 77' lang='lat' dir='ltr'><strong>tergum,</strong></span> <span class='ocrx_word' id='word_1_151' title='bbox 765 2591 818 2640; x_wconf 82' lang='lat' dir='ltr'><strong>id</strong></span> <span class='ocrx_word' id='word_1_152' title='bbox 839 2598 941 2657; x_wconf 84' lang='lat' dir='ltr'><strong>est,</strong></span> <span class='ocrx_word' id='word_1_153' title='bbox 964 2599 1146 2657; x_wconf 86' lang='lat' dir='ltr'><strong>pectus</strong></span> <span class='ocrx_word' id='word_1_154' title='bbox 1170 2600 1432 2658; x_wconf 81' lang='lat' dir='ltr'><strong>nostrum3</strong></span> 
     </span>
     <span class='ocr_line' id='line_1_27' title="bbox 370 2665 1435 2737; baseline 0.01 -23"><span class='ocrx_word' id='word_1_155' title='bbox 370 2666 455 2715; x_wconf 83' lang='lat' dir='ltr'><strong>vel</strong></span> <span class='ocrx_word' id='word_1_156' title='bbox 477 2665 532 2715; x_wconf 90' lang='lat' dir='ltr'><strong>in</strong></span> <span class='ocrx_word' id='word_1_157' title='bbox 567 2668 843 2731; x_wconf 78' lang='lat' dir='ltr'><strong>posteriori</strong></span> <span class='ocrx_word' id='word_1_158' title='bbox 864 2670 1076 2721; x_wconf 88' lang='lat' dir='ltr'><strong>alterins</strong></span> <span class='ocrx_word' id='word_1_159' title='bbox 1108 2672 1196 2737; x_wconf 86' lang='lat' dir='ltr'><strong>qni</strong></span> <span class='ocrx_word' id='word_1_160' title='bbox 1230 2680 1435 2725; x_wconf 84' lang='lat' dir='ltr'><strong>antece·</strong></span> 
     </span>
     <span class='ocr_line' id='line_1_28' title="bbox 367 2738 1437 2815; baseline 0.01 -25"><span class='ocrx_word' id='word_1_161' title='bbox 367 2738 454 2791; x_wconf 84' lang='lat' dir='ltr'><strong>&#39;dit</strong></span> <span class='ocrx_word' id='word_1_162' title='bbox 488 2756 585 2792; x_wconf 87' lang='lat' dir='ltr'><strong>nos</strong></span> <span class='ocrx_word' id='word_1_163' title='bbox 620 2744 858 2808; x_wconf 87' lang='lat' dir='ltr'><strong>hominis,</strong></span> <span class='ocrx_word' id='word_1_164' title='bbox 893 2760 1051 2812; x_wconf 87' lang='lat' dir='ltr'><strong>pera:</strong></span> <span class='ocrx_word' id='word_1_165' title='bbox 1087 2763 1155 2799; x_wconf 85' lang='lat' dir='ltr'><strong>ex</strong></span> <span class='ocrx_word' id='word_1_166' title='bbox 1192 2751 1437 2815; x_wconf 77' lang='lat' dir='ltr'><strong>Apologo</strong></span> 
     </span>
     <span class='ocr_line' id='line_1_29' title="bbox 371 2816 1438 2887; baseline 0.01 -21"><span class='ocrx_word' id='word_1_167' title='bbox 371 2816 578 2867; x_wconf 85' lang='lat' dir='ltr'><strong>scilicet</strong></span> <span class='ocrx_word' id='word_1_168' title='bbox 612 2817 808 2884; x_wconf 83' lang='lat' dir='ltr'><strong>AEsopi,</strong></span> <span class='ocrx_word' id='word_1_169' title='bbox 845 2822 934 2887; x_wconf 86' lang='lat' dir='ltr'><strong>qui</strong></span> <span class='ocrx_word' id='word_1_170' title='bbox 965 2822 1118 2874; x_wconf 83' lang='lat' dir='ltr'><strong>finxit</strong></span> <span class='ocrx_word' id='word_1_171' title='bbox 1155 2823 1300 2875; x_wconf 86' lang='lat' dir='ltr'><strong>binas</strong></span> <span class='ocrx_word' id='word_1_172' title='bbox 1323 2841 1438 2877; x_wconf 83' lang='lat' dir='ltr'><strong>csse</strong></span> 
     </span>
     <span class='ocr_line' id='line_1_30' title="bbox 366 2893 1439 2968; baseline 0.009 -25"><span class='ocrx_word' id='word_1_173' title='bbox 366 2893 664 2946; x_wconf 81' lang='lat' dir='ltr'><strong>hominibus</strong></span> <span class='ocrx_word' id='word_1_174' title='bbox 686 2912 838 2961; x_wconf 86' lang='lat' dir='ltr'><strong>peras</strong></span> <span class='ocrx_word' id='word_1_175' title='bbox 857 2900 977 2950; x_wconf 85' lang='lat' dir='ltr'><strong>hinc</strong></span> <span class='ocrx_word' id='word_1_176' title='bbox 995 2907 1050 2951; x_wconf 84' lang='lat' dir='ltr'><strong>et</strong></span> <span class='ocrx_word' id='word_1_177' title='bbox 1071 2901 1192 2951; x_wconf 87' lang='lat' dir='ltr'><strong>inde</strong></span> <span class='ocrx_word' id='word_1_178' title='bbox 1212 2902 1439 2968; x_wconf 86' lang='lat' dir='ltr'><strong>penden-</strong></span> 
     </span>
     <span class='ocr_line' id='line_1_31' title="bbox 371 2971 1439 3046; baseline 0.009 -26"><span class='ocrx_word' id='word_1_179' title='bbox 371 2976 484 3033; x_wconf 83' lang='lat' dir='ltr'><strong>tes;</strong></span> <span class='ocrx_word' id='word_1_180' title='bbox 518 2971 573 3021; x_wconf 89' lang='lat' dir='ltr'><strong>in</strong></span> <span class='ocrx_word' id='word_1_181' title='bbox 609 2988 725 3023; x_wconf 84' lang='lat' dir='ltr'><strong>eam</strong></span> <span class='ocrx_word' id='word_1_182' title='bbox 749 2990 861 3040; x_wconf 80' lang='lat' dir='ltr'><strong>quae</strong></span> <span class='ocrx_word' id='word_1_183' title='bbox 887 2983 1007 3027; x_wconf 90' lang='lat' dir='ltr'><strong>ante</strong></span> <span class='ocrx_word' id='word_1_184' title='bbox 1030 2988 1235 3042; x_wconf 84' lang='lat' dir='ltr'><strong>pectus,</strong></span> <span class='ocrx_word' id='word_1_185' title='bbox 1257 2981 1439 3046; x_wconf 89' lang='lat' dir='ltr'><strong>reponi</strong></span> 
     </span>
     <span class='ocr_line' id='line_1_32' title="bbox 370 3047 1437 3119; baseline 0.01 -23"><span class='ocrx_word' id='word_1_186' title='bbox 370 3048 542 3097; x_wconf 87' lang='lat' dir='ltr'><strong>aliena</strong></span> <span class='ocrx_word' id='word_1_187' title='bbox 573 3047 740 3114; x_wconf 84' lang='lat' dir='ltr'><strong>mala;</strong></span> <span class='ocrx_word' id='word_1_188' title='bbox 795 3054 1010 3119; x_wconf 88' lang='lat' dir='ltr'><strong>propria</strong></span> <span class='ocrx_word' id='word_1_189' title='bbox 1047 3068 1169 3103; x_wconf 83' lang='lat' dir='ltr'><strong>vero</strong></span> <span class='ocrx_word' id='word_1_190' title='bbox 1208 3056 1259 3105; x_wconf 88' lang='lat' dir='ltr'><strong>in</strong></span> <span class='ocrx_word' id='word_1_191' title='bbox 1295 3057 1437 3107; x_wconf 86' lang='lat' dir='ltr'><strong>illam</strong></span> 
     </span>
     <span class='ocr_line' id='line_1_33' title="bbox 370 3131 1438 3196; baseline 0.009 -21"><span class='ocrx_word' id='word_1_192' title='bbox 370 3138 485 3189; x_wconf 78' lang='lat' dir='ltr'><strong>qnae</strong></span> <span class='ocrx_word' id='word_1_193' title='bbox 523 3140 556 3175; x_wconf 93' lang='lat' dir='ltr'><strong>a</strong></span> <span class='ocrx_word' id='word_1_194' title='bbox 593 3133 744 3191; x_wconf 75' lang='lat' dir='ltr'><strong>tergo</strong></span> <span class='ocrx_word' id='word_1_195' title='bbox 769 3136 867 3195; x_wconf 83' lang='lat' dir='ltr'><strong>est,</strong></span> <span class='ocrx_word' id='word_1_196' title='bbox 900 3131 1127 3196; x_wconf 82' lang='lat' dir='ltr'><strong>conjici:</strong></span> <span class='ocrx_word' id='word_1_197' title='bbox 1161 3133 1299 3183; x_wconf 87' lang='lat' dir='ltr'><strong>unde</strong></span> <span class='ocrx_word' id='word_1_198' title='bbox 1319 3149 1438 3184; x_wconf 88' lang='lat' dir='ltr'><strong>nos-</strong></span> 
     </span>
     <span class='ocr_line' id='line_1_34' title="bbox 370 3208 1437 3273; baseline 0.008 -20"><span class='ocrx_word' id='word_1_199' title='bbox 370 3208 457 3254; x_wconf 87' lang='lat' dir='ltr'><strong>tra</strong></span> <span class='ocrx_word' id='word_1_200' title='bbox 492 3218 774 3271; x_wconf 87' lang='lat' dir='ltr'><strong>nunquam,</strong></span> <span class='ocrx_word' id='word_1_201' title='bbox 819 3208 988 3258; x_wconf 86' lang='lat' dir='ltr'><strong>aliena</strong></span> <span class='ocrx_word' id='word_1_202' title='bbox 1023 3223 1227 3273; x_wconf 79' lang='lat' dir='ltr'><strong>semper</strong></span> <span class='ocrx_word' id='word_1_203' title='bbox 1261 3210 1437 3261; x_wconf 83' lang='lat' dir='ltr'><strong>videa·</strong></span> 
     </span>
     <span class='ocr_line' id='line_1_35' title="bbox 372 3282 1437 3350; baseline 0.008 -20"><span class='ocrx_word' id='word_1_204' title='bbox 372 3295 505 3331; x_wconf 87' lang='lat' dir='ltr'><strong>mus.</strong></span> <span class='ocrx_word' id='word_1_205' title='bbox 539 3282 613 3334; x_wconf 91' lang='lat' dir='ltr'><strong>D.</strong></span> <span class='ocrx_word' id='word_1_206' title='bbox 642 3282 946 3349; x_wconf 82' lang='lat' dir='ltr'><strong>Hieronym.</strong></span> <span class='ocrx_word' id='word_1_207' title='bbox 969 3285 1141 3350; x_wconf 84' lang='lat' dir='ltr'><strong>Epist.</strong></span> <span class='ocrx_word' id='word_1_208' title='bbox 1163 3290 1246 3336; x_wconf 85' lang='grc'><strong>91.</strong></span> <span class='ocrx_word' id='word_1_209' title='bbox 1271 3288 1286 3314; x_wconf 89' lang='lat'>‘</span> <span class='ocrx_word' id='word_1_210' title='bbox 1305 3287 1437 3338; x_wconf 84' lang='lat' dir='ltr'><strong>Nos-</strong></span> 
     </span>
     <span class='ocr_line' id='line_1_36' title="bbox 371 3361 1439 3428; baseline 0.006 -21"><span class='ocrx_word' id='word_1_211' title='bbox 371 3362 507 3416; x_wconf 77' lang='lat' dir='ltr'><strong>tram</strong></span> <span class='ocrx_word' id='word_1_212' title='bbox 544 3373 725 3422; x_wconf 82' lang='lat' dir='ltr'><strong>peram</strong></span> <span class='ocrx_word' id='word_1_213' title='bbox 762 3375 863 3410; x_wconf 90' lang='lat' dir='ltr'><strong>nou</strong></span> <span class='ocrx_word' id='word_1_214' title='bbox 902 3361 1160 3425; x_wconf 81' lang='lat' dir='ltr'><strong>videntes,</strong></span> <span class='ocrx_word' id='word_1_215' title='bbox 1204 3362 1439 3428; x_wconf 86' lang='lat' dir='ltr'><strong>aliorum,</strong></span> 
     </span>
     <span class='ocr_line' id='line_1_37' title="bbox 363 3432 1438 3501; baseline 0.007 -18"><span class='ocrx_word' id='word_1_216' title='bbox 363 3432 521 3499; x_wconf 80' lang='lat' dir='ltr'><strong>juxta</strong></span> <span class='ocrx_word' id='word_1_217' title='bbox 543 3436 800 3501; x_wconf 82' lang='lat' dir='ltr'><strong>Persium,</strong></span> <span class='ocrx_word' id='word_1_218' title='bbox 840 3438 1114 3488; x_wconf 76' lang='lat' dir='ltr'><strong>manticam</strong></span> <span class='ocrx_word' id='word_1_219' title='bbox 1146 3439 1438 3490; x_wconf 87' lang='lat' dir='ltr'><strong>considera-</strong></span> 
     </span>
     <span class='ocr_line' id='line_1_38' title="bbox 370 3510 1439 3566; baseline 0.007 -8"><span class='ocrx_word' id='word_1_220' title='bbox 370 3510 520 3560; x_wconf 66' lang='lat' dir='ltr'><strong>mus!</strong></span> <span class='ocrx_word' id='word_1_221' title='bbox 585 3511 775 3562; x_wconf 83' lang='lat' dir='ltr'><strong>Horat.</strong></span> <span class='ocrx_word' id='word_1_222' title='bbox 793 3513 905 3563; x_wconf 90' lang='lat' dir='ltr'><strong>Sat.</strong></span> <span class='ocrx_word' id='word_1_223' title='bbox 927 3527 966 3563; x_wconf 90' lang='lat' dir='ltr'><strong>n</strong></span> <span class='ocrx_word' id='word_1_224' title='bbox 980 3549 993 3564; x_wconf 93' lang='lat'><strong>.</strong></span> <span class='ocrx_word' id='word_1_225' title='bbox 1015 3518 1065 3566; x_wconf 78' lang='grc'><strong>3.</strong></span> <span class='ocrx_word' id='word_1_226' title='bbox 1085 3515 1102 3543; x_wconf 88' lang='lat'>‘</span> <span class='ocrx_word' id='word_1_227' title='bbox 1129 3516 1343 3566; x_wconf 85' lang='lat' dir='ltr'><strong>Dixerit</strong></span> <span class='ocrx_word' id='word_1_228' title='bbox 1363 3517 1439 3566; x_wconf 91' lang='lat' dir='ltr'><strong>in-</strong></span> 
     </span>
     <span class='ocr_line' id='line_1_39' title="bbox 373 3588 1438 3659; baseline 0.009 -25"><span class='ocrx_word' id='word_1_229' title='bbox 373 3599 555 3637; x_wconf 82' lang='lat' dir='ltr'><strong>sanum</strong></span> <span class='ocrx_word' id='word_1_230' title='bbox 573 3588 660 3652; x_wconf 90' lang='lat' dir='ltr'><strong>qui</strong></span> <span class='ocrx_word' id='word_1_231' title='bbox 678 3603 781 3652; x_wconf 86' lang='lat' dir='ltr'><strong>me,</strong></span> <span class='ocrx_word' id='word_1_232' title='bbox 808 3590 1029 3641; x_wconf 87' lang='lat' dir='ltr'><strong>totidem</strong></span> <span class='ocrx_word' id='word_1_233' title='bbox 1052 3592 1245 3655; x_wconf 87' lang='lat' dir='ltr'><strong>audiet,</strong></span> <span class='ocrx_word' id='word_1_234' title='bbox 1279 3600 1438 3659; x_wconf 90' lang='lat' dir='ltr'><strong>atque</strong></span> 
     </span>
     <span class='ocr_line' id='line_1_40' title="bbox 302 3661 1439 3735; baseline 0.011 -25"><span class='ocrx_word' id='word_1_235' title='bbox 302 3688 308 3694; x_wconf 91' lang='lat'><strong>·</strong></span> <span class='ocrx_word' id='word_1_236' title='bbox 371 3661 659 3727; x_wconf 77' lang='lat' dir='ltr'><strong>Respicere</strong></span> <span class='ocrx_word' id='word_1_237' title='bbox 700 3665 882 3729; x_wconf 77' lang='lat' dir='ltr'><strong>ignoto</strong></span> <span class='ocrx_word' id='word_1_238' title='bbox 927 3667 1098 3719; x_wconf 87' lang='lat' dir='ltr'><strong>discet</strong></span> <span class='ocrx_word' id='word_1_239' title='bbox 1156 3670 1439 3735; x_wconf 75' lang='lat' dir='ltr'><strong>pendentia</strong></span> 
     </span>
     <span class='ocr_line' id='line_1_41' title="bbox 372 3738 1438 3803; baseline 0.011 -16"><span class='ocrx_word' id='word_1_240' title='bbox 372 3738 559 3803; x_wconf 73' lang='lat' dir='ltr'><strong>tergo.²</strong></span> <span class='ocrx_word' id='word_1_241' title='bbox 643 3741 878 3794; x_wconf 78' lang='lat' dir='ltr'><strong>Catullus</strong></span> <span class='ocrx_word' id='word_1_242' title='bbox 912 3745 1085 3797; x_wconf 85' lang='lat' dir='ltr'><strong>Carm.</strong></span> <span class='ocrx_word' id='word_1_243' title='bbox 1113 3751 1197 3798; x_wconf 86' lang='grc'><strong>22.</strong></span> <span class='ocrx_word' id='word_1_244' title='bbox 1237 3763 1314 3798; x_wconf 83' lang='lat' dir='ltr'><strong>vs.</strong></span> <span class='ocrx_word' id='word_1_245' title='bbox 1338 3750 1438 3800; x_wconf 89' lang='lat' dir='ltr'><strong>ult.</strong></span> 
     </span>
     <span class='ocr_line' id='line_1_42' title="bbox 350 3813 1439 3889; baseline 0.01 -26"><span class='ocrx_word' id='word_1_246' title='bbox 350 3813 388 3862; x_wconf 53' lang='grc' dir='ltr'><strong>,ί</strong></span> <span class='ocrx_word' id='word_1_247' title='bbox 413 3816 536 3866; x_wconf 88' lang='lat' dir='ltr'><strong>Non</strong></span> <span class='ocrx_word' id='word_1_248' title='bbox 559 3817 793 3869; x_wconf 84' lang='lat' dir='ltr'><strong>videmus</strong></span> <span class='ocrx_word' id='word_1_249' title='bbox 814 3821 1058 3873; x_wconf 75' lang='lat' dir='ltr'><strong>manticae</strong></span> <span class='ocrx_word' id='word_1_250' title='bbox 1079 3823 1218 3889; x_wconf 88' lang='lat' dir='ltr'><strong>quod</strong></span> <span class='ocrx_word' id='word_1_251' title='bbox 1258 3825 1313 3874; x_wconf 89' lang='lat' dir='ltr'><strong>in</strong></span> <span class='ocrx_word' id='word_1_252' title='bbox 1336 3831 1439 3875; x_wconf 88' lang='lat' dir='ltr'><strong>ter-</strong></span> 
     </span>
     <span class='ocr_line' id='line_1_43' title="bbox 375 3893 590 3956; baseline 0 -14"><span class='ocrx_word' id='word_1_253' title='bbox 375 3906 442 3956; x_wconf 75' lang='lat' dir='ltr'><strong>go</strong></span> <span class='ocrx_word' id='word_1_254' title='bbox 466 3893 590 3943; x_wconf 63' lang='lat' dir='ltr'><strong>est!</strong></span> 
     </span>
    </p>

    <p class='ocr_par' dir='ltr' id='par_1_14' title="bbox 372 3970 1444 4437">
     <span class='ocr_line' id='line_1_44' title="bbox 372 3970 1444 4041; baseline 0.008 -22"><span class='ocrx_word' id='word_1_255' title='bbox 372 3982 379 3987; x_wconf 86' lang='lat'><strong>·</strong></span> <span class='ocrx_word' id='word_1_256' title='bbox 438 3973 501 4020; x_wconf 84' lang='grc'><strong>25</strong></span> <span class='ocrx_word' id='word_1_257' title='bbox 528 3970 805 4037; x_wconf 71' lang='lat' dir='ltr'><strong>Quoeeieris,</strong></span> <span class='ocrx_word' id='word_1_258' title='bbox 824 3975 1015 4039; x_wconf 73' lang='lat' dir='ltr'><strong>nostin’,</strong></span> <span class='ocrx_word' id='word_1_259' title='bbox 1036 3976 1140 4040; x_wconf 49' lang='lat' dir='ltr'><strong>qa]</strong></span> <span class='ocrx_word' id='word_1_260' title='bbox 1163 3977 1241 4027; x_wconf 90' lang='lat' dir='ltr'><strong>Ut</strong></span> <span class='ocrx_word' id='word_1_261' title='bbox 1263 3984 1444 4041; x_wconf 86' lang='lat' dir='ltr'><strong>pateat</strong></span> 
     </span>
     <span class='ocr_line' id='line_1_45' title="bbox 374 4048 1443 4119; baseline 0.007 -23"><span class='ocrx_word' id='word_1_262' title='bbox 374 4048 632 4112; x_wconf 86' lang='lat' dir='ltr'><strong>omnibus,</strong></span> <span class='ocrx_word' id='word_1_263' title='bbox 677 4065 831 4114; x_wconf 89' lang='lat' dir='ltr'><strong>quam</strong></span> <span class='ocrx_word' id='word_1_264' title='bbox 870 4057 998 4102; x_wconf 91' lang='lat' dir='ltr'><strong>nota</strong></span> <span class='ocrx_word' id='word_1_265' title='bbox 1028 4066 1237 4117; x_wconf 86' lang='lat' dir='ltr'><strong>semper</strong></span> <span class='ocrx_word' id='word_1_266' title='bbox 1255 4054 1443 4119; x_wconf 89' lang='lat' dir='ltr'><strong>cuique</strong></span> 
     </span>
     <span class='ocr_line' id='line_1_46' title="bbox 374 4123 1443 4192; baseline 0.003 -17"><span class='ocrx_word' id='word_1_267' title='bbox 374 4123 481 4175; x_wconf 65' lang='lat' dir='ltr'><strong>sint</strong></span> <span class='ocrx_word' id='word_1_268' title='bbox 514 4124 682 4174; x_wconf 84' lang='lat' dir='ltr'><strong>aliena</strong></span> <span class='ocrx_word' id='word_1_269' title='bbox 703 4126 856 4190; x_wconf 88' lang='lat' dir='ltr'><strong>mala,</strong></span> <span class='ocrx_word' id='word_1_270' title='bbox 877 4142 1055 4192; x_wconf 78' lang='lat' dir='ltr'><strong>quaere</strong></span> <span class='ocrx_word' id='word_1_271' title='bbox 1084 4135 1142 4178; x_wconf 90' lang='lat' dir='ltr'><strong>et</strong></span> <span class='ocrx_word' id='word_1_272' title='bbox 1178 4129 1443 4180; x_wconf 81' lang='lat' dir='ltr'><strong>sciscitare</strong></span> 
     </span>
     <span class='ocr_line' id='line_1_47' title="bbox 376 4199 1444 4270; baseline 0.007 -21"><span class='ocrx_word' id='word_1_273' title='bbox 376 4199 443 4250; x_wconf 83' lang='lat' dir='ltr'><strong>ab</strong></span> <span class='ocrx_word' id='word_1_274' title='bbox 495 4200 668 4267; x_wconf 88' lang='lat' dir='ltr'><strong>aliquo</strong></span> <span class='ocrx_word' id='word_1_275' title='bbox 724 4202 998 4268; x_wconf 86' lang='lat' dir='ltr'><strong>nebulone,</strong></span> <span class='ocrx_word' id='word_1_276' title='bbox 1041 4220 1105 4255; x_wconf 90' lang='lat' dir='ltr'><strong>an</strong></span> <span class='ocrx_word' id='word_1_277' title='bbox 1159 4213 1444 4270; x_wconf 80' lang='lat' dir='ltr'><strong>cognoscat</strong></span> 
     </span>
     <span class='ocr_line' id='line_1_48' title="bbox 377 4276 1444 4347; baseline 0.008 -22"><span class='ocrx_word' id='word_1_278' title='bbox 377 4276 533 4326; x_wconf 84' lang='lat' dir='ltr'><strong>alium</strong></span> <span class='ocrx_word' id='word_1_279' title='bbox 588 4279 901 4331; x_wconf 87' lang='lat' dir='ltr'><strong>nebulonem</strong></span> <span class='ocrx_word' id='word_1_280' title='bbox 953 4281 1244 4347; x_wconf 86' lang='lat' dir='ltr'><strong>quempiam</strong></span> <span class='ocrx_word' id='word_1_281' title='bbox 1269 4299 1282 4333; x_wconf 70' lang='grc' dir='ltr'><em>ε</em></span> <span class='ocrx_word' id='word_1_282' title='bbox 1354 4284 1444 4335; x_wconf 79' lang='lat' dir='ltr'><strong>ille</strong></span> 
     </span>
     <span class='ocr_line' id='line_1_49' title="bbox 375 4355 1443 4437; baseline 0.007 -33"><span class='ocrx_word' id='word_1_283' title='bbox 375 4355 552 4437; x_wconf 71' lang='lat' dir='ltr'><strong>statim</strong></span> <span class='ocrx_word' id='word_1_284' title='bbox 576 4356 926 4425; x_wconf 81' lang='lat' dir='ltr'><strong>respondebit,</strong></span> <span class='ocrx_word' id='word_1_285' title='bbox 943 4371 1001 4409; x_wconf 83' lang='lat' dir='ltr'><strong>se</strong></span> <span class='ocrx_word' id='word_1_286' title='bbox 1023 4371 1174 4410; x_wconf 85' lang='lat' dir='ltr'><strong>nosse</strong></span> <span class='ocrx_word' id='word_1_287' title='bbox 1190 4358 1334 4411; x_wconf 86' lang='lat' dir='ltr'><strong>illum</strong></span> <span class='ocrx_word' id='word_1_288' title='bbox 1353 4361 1443 4411; x_wconf 87' lang='lat' dir='ltr'><strong>bo·</strong></span> 
     </span>
    </p>
   </div>
   <div class='ocr_carea' id='block_1_12' title="bbox 1512 1741 2594 2433">
    <p class='ocr_par' dir='ltr' id='par_1_15' title="bbox 1512 1741 2594 2433">
     <span class='ocr_line' id='line_1_50' title="bbox 1512 1741 2589 1813; baseline -0.006 -15"><span class='ocrx_word' id='word_1_289' title='bbox 1512 1747 1725 1811; x_wconf 86' lang='lat' dir='ltr'><strong>minem,</strong></span> <span class='ocrx_word' id='word_1_290' title='bbox 1762 1747 1979 1813; x_wconf 88' lang='lat' dir='ltr'><strong>ejusque</strong></span> <span class='ocrx_word' id='word_1_291' title='bbox 2000 1745 2181 1798; x_wconf 85' lang='lat' dir='ltr'><strong>sordes</strong></span> <span class='ocrx_word' id='word_1_292' title='bbox 2204 1751 2260 1795; x_wconf 89' lang='lat' dir='ltr'><strong>et</strong></span> <span class='ocrx_word' id='word_1_293' title='bbox 2284 1741 2553 1794; x_wconf 84' lang='lat' dir='ltr'><strong>avaritiam</strong></span> <span class='ocrx_word' id='word_1_294' title='bbox 2574 1757 2589 1792; x_wconf 71' lang='grc' dir='ltr'><strong><em>ε</em></strong></span> 
     </span>
     <span class='ocr_line' id='line_1_51' title="bbox 1515 1818 2590 1890; baseline -0.006 -15"><span class='ocrx_word' id='word_1_295' title='bbox 1515 1831 1573 1876; x_wconf 92' lang='lat' dir='ltr'><strong>et</strong></span> <span class='ocrx_word' id='word_1_296' title='bbox 1594 1826 1668 1876; x_wconf 90' lang='lat' dir='ltr'><strong>sic</strong></span> <span class='ocrx_word' id='word_1_297' title='bbox 1709 1825 1824 1890; x_wconf 84' lang='lat' dir='ltr'><strong>ejus</strong></span> <span class='ocrx_word' id='word_1_298' title='bbox 1856 1822 2202 1875; x_wconf 85' lang='lat' dir='ltr'><strong>insectabitur</strong></span> <span class='ocrx_word' id='word_1_299' title='bbox 2222 1818 2441 1886; x_wconf 81' lang='lat' dir='ltr'><strong>flagitia,</strong></span> <span class='ocrx_word' id='word_1_300' title='bbox 2462 1826 2526 1870; x_wconf 87' lang='lat' dir='ltr'><strong>ut</strong></span> <span class='ocrx_word' id='word_1_301' title='bbox 2543 1818 2590 1870; x_wconf 89' lang='lat' dir='ltr'><strong>si</strong></span> 
     </span>
     <span class='ocr_line' id='line_1_52' title="bbox 1516 1899 2594 1967; baseline -0.006 -16"><span class='ocrx_word' id='word_1_302' title='bbox 1516 1901 1630 1967; x_wconf 87' lang='lat' dir='ltr'><strong>ipse</strong></span> <span class='ocrx_word' id='word_1_303' title='bbox 1651 1901 1915 1964; x_wconf 79' lang='lat' dir='ltr'><strong>innocens,</strong></span> <span class='ocrx_word' id='word_1_304' title='bbox 1931 1914 1992 1950; x_wconf 83' lang='lat' dir='ltr'><strong>ac</strong></span> <span class='ocrx_word' id='word_1_305' title='bbox 2013 1899 2274 1949; x_wconf 86' lang='lat' dir='ltr'><strong>hominum</strong></span> <span class='ocrx_word' id='word_1_306' title='bbox 2292 1902 2431 1946; x_wconf 88' lang='lat' dir='ltr'><strong>esset</strong></span> <span class='ocrx_word' id='word_1_307' title='bbox 2445 1909 2594 1945; x_wconf 87' lang='lat' dir='ltr'><strong>sanc·</strong></span> 
     </span>
     <span class='ocr_line' id='line_1_53' title="bbox 1520 1970 2588 2042; baseline -0.007 -14"><span class='ocrx_word' id='word_1_308' title='bbox 1520 1977 1766 2042; x_wconf 83' lang='lat' dir='ltr'><strong>tissimus,</strong></span> <span class='ocrx_word' id='word_1_309' title='bbox 1799 1977 2057 2042; x_wconf 78' lang='lat' dir='ltr'><strong>planeque</strong></span> <span class='ocrx_word' id='word_1_310' title='bbox 2079 1974 2184 2025; x_wconf 84' lang='lat' dir='ltr'><strong>illis</strong></span> <span class='ocrx_word' id='word_1_311' title='bbox 2205 1978 2409 2024; x_wconf 85' lang='lat' dir='ltr'><strong>careret</strong></span> <span class='ocrx_word' id='word_1_312' title='bbox 2428 1970 2588 2034; x_wconf 81' lang='lat' dir='ltr'><strong>vitiis,</strong></span> 
     </span>
     <span class='ocr_line' id='line_1_54' title="bbox 1518 2048 2586 2119; baseline -0.006 -15"><span class='ocrx_word' id='word_1_313' title='bbox 1518 2069 1634 2119; x_wconf 59' lang='lat' dir='ltr'><strong>quaa</strong></span> <span class='ocrx_word' id='word_1_314' title='bbox 1668 2054 1722 2103; x_wconf 90' lang='lat' dir='ltr'><strong>in</strong></span> <span class='ocrx_word' id='word_1_315' title='bbox 1756 2054 1858 2104; x_wconf 89' lang='lat' dir='ltr'><strong>alio</strong></span> <span class='ocrx_word' id='word_1_316' title='bbox 1893 2050 2229 2119; x_wconf 82' lang='lat' dir='ltr'><strong>reprehendit</strong></span> <span class='ocrx_word' id='word_1_317' title='bbox 2262 2056 2319 2100; x_wconf 89' lang='lat' dir='ltr'><strong>et</strong></span> <span class='ocrx_word' id='word_1_318' title='bbox 2355 2048 2586 2099; x_wconf 85' lang='lat' dir='ltr'><strong>damnat.</strong></span> 
     </span>
     <span class='ocr_line' id='line_1_55' title="bbox 1516 2124 2588 2183; baseline -0.007 -2"><span class='ocrx_word' id='word_1_319' title='bbox 1516 2132 1651 2182; x_wconf 87' lang='lat' dir='ltr'><strong>Tull.</strong></span> <span class='ocrx_word' id='word_1_320' title='bbox 1688 2133 1843 2181; x_wconf 88' lang='lat' dir='ltr'><strong>Tusc.</strong></span> <span class='ocrx_word' id='word_1_321' title='bbox 1881 2132 2084 2183; x_wconf 79' lang='lat' dir='ltr'><strong>Quaest.</strong></span> <span class='ocrx_word' id='word_1_322' title='bbox 2109 2133 2157 2179; x_wconf 78' lang='grc'><strong>3.</strong></span> <span class='ocrx_word' id='word_1_323' title='bbox 2194 2142 2247 2178; x_wconf 92' lang='lat' dir='ltr'><strong>n.</strong></span> <span class='ocrx_word' id='word_1_324' title='bbox 2269 2131 2352 2178; x_wconf 75' lang='grc'><strong>78.</strong></span> <span class='ocrx_word' id='word_1_325' title='bbox 2383 2127 2401 2155; x_wconf 87' lang='lat'>‘</span> <span class='ocrx_word' id='word_1_326' title='bbox 2424 2124 2588 2175; x_wconf 81' lang='lat' dir='ltr'><strong>Avari</strong></span> 
     </span>
     <span class='ocr_line' id='line_1_56' title="bbox 1517 2202 2591 2273; baseline -0.006 -16"><span class='ocrx_word' id='word_1_327' title='bbox 1517 2223 1719 2273; x_wconf 84' lang='lat' dir='ltr'><strong>avaros,</strong></span> <span class='ocrx_word' id='word_1_328' title='bbox 1736 2206 1920 2273; x_wconf 57' lang='lat' dir='ltr'><strong>glorias</strong></span> <span class='ocrx_word' id='word_1_329' title='bbox 1944 2205 2160 2271; x_wconf 86' lang='lat' dir='ltr'><strong>cupidos</strong></span> <span class='ocrx_word' id='word_1_330' title='bbox 2179 2202 2391 2271; x_wconf 79' lang='lat' dir='ltr'><strong>gloriosi</strong></span> <span class='ocrx_word' id='word_1_331' title='bbox 2411 2213 2591 2268; x_wconf 80' lang='lat' dir='ltr'><strong>repre-</strong></span> 
     </span>
     <span class='ocr_line' id='line_1_57' title="bbox 1516 2277 2590 2346; baseline -0.004 -14"><span class='ocrx_word' id='word_1_332' title='bbox 1516 2282 1769 2335; x_wconf 86' lang='lat' dir='ltr'><strong>hendunt.</strong></span> <span class='ocrx_word' id='word_1_333' title='bbox 1836 2284 1934 2332; x_wconf 86' lang='lat' dir='ltr'><strong>Est</strong></span> <span class='ocrx_word' id='word_1_334' title='bbox 1970 2281 2104 2331; x_wconf 80' lang='lat' dir='ltr'><strong>enim</strong></span> <span class='ocrx_word' id='word_1_335' title='bbox 2125 2280 2392 2346; x_wconf 85' lang='lat' dir='ltr'><strong>proprium</strong></span> <span class='ocrx_word' id='word_1_336' title='bbox 2416 2277 2590 2329; x_wconf 85' lang='lat' dir='ltr'><strong>stulti·</strong></span> 
     </span>
     <span class='ocr_line' id='line_1_58' title="bbox 1516 2352 2586 2433; baseline -0.006 -22"><span class='ocrx_word' id='word_1_337' title='bbox 1516 2359 1607 2411; x_wconf 74' lang='lat' dir='ltr'><strong>tire</strong></span> <span class='ocrx_word' id='word_1_338' title='bbox 1646 2359 1873 2433; x_wconf 55' lang='lat' dir='ltr'><strong>aliorum⁸</strong></span> <span class='ocrx_word' id='word_1_339' title='bbox 1900 2356 2032 2408; x_wconf 83' lang='lat' dir='ltr'><strong>vitia</strong></span> <span class='ocrx_word' id='word_1_340' title='bbox 2070 2369 2304 2419; x_wconf 86' lang='lat' dir='ltr'><strong>cernere,</strong></span> <span class='ocrx_word' id='word_1_341' title='bbox 2345 2352 2586 2405; x_wconf 86' lang='lat' dir='ltr'><strong>oblivisci</strong></span> 
     </span>
    </p>
   </div>
   <div class='ocr_carea' id='block_1_13' title="bbox 1516 2435 2587 2577">
    <p class='ocr_par' dir='ltr' id='par_1_16' title="bbox 1516 2435 2587 2577">
     <span class='ocr_line' id='line_1_59' title="bbox 1516 2435 1764 2488; baseline -0.012 0"><span class='ocrx_word' id='word_1_342' title='bbox 1516 2435 1764 2488; x_wconf 68' lang='lat' dir='ltr'><strong>suorum!</strong></span> 
     </span>
     <span class='ocr_line' id='line_1_60' title="bbox 1588 2506 2587 2577; baseline -0.009 -12"><span class='ocrx_word' id='word_1_343' title='bbox 1588 2510 1799 2577; x_wconf 62' lang='lat' dir='ltr'><strong>Vectem]</strong></span> <span class='ocrx_word' id='word_1_344' title='bbox 1822 2510 1948 2577; x_wconf 82' lang='lat' dir='ltr'><strong>Alii,</strong></span> <span class='ocrx_word' id='word_1_345' title='bbox 1968 2510 2151 2562; x_wconf 78' lang='lat' dir='ltr'><strong>Vetidii</strong></span> <span class='ocrx_word' id='word_1_346' title='bbox 2163 2526 2182 2568; x_wconf 89' lang='lat'><strong>,·</strong></span> <span class='ocrx_word' id='word_1_347' title='bbox 2203 2509 2312 2572; x_wconf 86' lang='lat' dir='ltr'><strong>alii,</strong></span> <span class='ocrx_word' id='word_1_348' title='bbox 2340 2506 2587 2559; x_wconf 73' lang='lat' dir='ltr'><strong>Ventidiie</strong></span> 
     </span>
    </p>
   </div>
   <div class='ocr_carea' id='block_1_14' title="bbox 1518 2584 2676 2656">
    <p class='ocr_par' dir='ltr' id='par_1_17' title="bbox 1518 2584 2676 2656">
     <span class='ocr_line' id='line_1_61' title="bbox 1518 2584 2676 2656; baseline -0.006 -17"><span class='ocrx_word' id='word_1_349' title='bbox 1518 2589 1753 2656; x_wconf 85' lang='lat' dir='ltr'><strong>quisquis</strong></span> <span class='ocrx_word' id='word_1_350' title='bbox 1787 2588 1879 2639; x_wconf 90' lang='lat' dir='ltr'><strong>ille</strong></span> <span class='ocrx_word' id='word_1_351' title='bbox 1910 2588 2143 2651; x_wconf 83' lang='lat' dir='ltr'><strong>tandem,</strong></span> <span class='ocrx_word' id='word_1_352' title='bbox 2179 2601 2210 2636; x_wconf 85' lang='lat' dir='ltr'><strong>a</strong></span> <span class='ocrx_word' id='word_1_353' title='bbox 2231 2585 2417 2635; x_wconf 84' lang='lat' dir='ltr'><strong>Persio</strong></span> <span class='ocrx_word' id='word_1_354' title='bbox 2438 2590 2589 2634; x_wconf 87' lang='lat' dir='ltr'><strong>nota·</strong></span> <span class='ocrx_word' id='word_1_355' title='bbox 2671 2584 2676 2590; x_wconf 83' lang='grc'><em>’</em></span> 
     </span>
    </p>
   </div>
   <div class='ocr_carea' id='block_1_15' title="bbox 1509 2660 2592 4424">
    <p class='ocr_par' dir='ltr' id='par_1_18' title="bbox 1514 2660 2592 2962">
     <span class='ocr_line' id='line_1_62' title="bbox 1515 2660 2587 2728; baseline -0.007 -11"><span class='ocrx_word' id='word_1_356' title='bbox 1515 2674 1603 2725; x_wconf 84' lang='lat' dir='ltr'><strong>tur</strong></span> <span class='ocrx_word' id='word_1_357' title='bbox 1622 2666 1765 2717; x_wconf 79' lang='lat' dir='ltr'><strong>velut</strong></span> <span class='ocrx_word' id='word_1_358' title='bbox 1787 2679 1972 2716; x_wconf 84' lang='lat' dir='ltr'><strong>avarus</strong></span> <span class='ocrx_word' id='word_1_359' title='bbox 1986 2665 2139 2728; x_wconf 83' lang='lat' dir='ltr'><strong>juxta</strong></span> <span class='ocrx_word' id='word_1_360' title='bbox 2160 2677 2221 2713; x_wconf 90' lang='lat' dir='ltr'><strong>ac</strong></span> <span class='ocrx_word' id='word_1_361' title='bbox 2244 2661 2407 2711; x_wconf 86' lang='lat' dir='ltr'><strong>dives.</strong></span> <span class='ocrx_word' id='word_1_362' title='bbox 2459 2660 2587 2711; x_wconf 83' lang='lat' dir='ltr'><strong>Cor·</strong></span> 
     </span>
     <span class='ocr_line' id='line_1_63' title="bbox 1514 2735 2589 2794; baseline -0.007 -1"><span class='ocrx_word' id='word_1_363' title='bbox 1514 2743 1622 2794; x_wconf 90' lang='lat' dir='ltr'><strong>nel.</strong></span> <span class='ocrx_word' id='word_1_364' title='bbox 1660 2741 1835 2793; x_wconf 86' lang='lat' dir='ltr'><strong>Tacit.</strong></span> <span class='ocrx_word' id='word_1_365' title='bbox 1882 2739 2071 2791; x_wconf 87' lang='lat' dir='ltr'><strong>Annal.</strong></span> <span class='ocrx_word' id='word_1_366' title='bbox 2107 2739 2150 2791; x_wconf 81' lang='grc' dir='ltr'><strong>Ἰ.</strong></span> <span class='ocrx_word' id='word_1_367' title='bbox 2194 2750 2296 2790; x_wconf 76' lang='lat'><strong>111.</strong></span> <span class='ocrx_word' id='word_1_368' title='bbox 2350 2735 2589 2787; x_wconf 86' lang='lat' dir='ltr'><strong>meminit</strong></span> 
     </span>
     <span class='ocr_line' id='line_1_64' title="bbox 1515 2812 2592 2881; baseline -0.006 -13"><span class='ocrx_word' id='word_1_369' title='bbox 1515 2818 1755 2869; x_wconf 76' lang='lat' dir='ltr'><strong>ventidii</strong></span> <span class='ocrx_word' id='word_1_370' title='bbox 1772 2817 2110 2869; x_wconf 67' lang='lat' dir='ltr'><strong>Galilaeorum</strong></span> <span class='ocrx_word' id='word_1_371' title='bbox 2132 2812 2392 2881; x_wconf 70' lang='lat' dir='ltr'><strong>Praefecti</strong></span> <span class='ocrx_word' id='word_1_372' title='bbox 2416 2827 2479 2863; x_wconf 88' lang='lat' dir='ltr'><strong>ac</strong></span> <span class='ocrx_word' id='word_1_373' title='bbox 2502 2812 2592 2862; x_wconf 89' lang='lat' dir='ltr'><strong>de·</strong></span> 
     </span>
     <span class='ocr_line' id='line_1_65' title="bbox 1516 2896 1846 2962; baseline 0 -16"><span class='ocrx_word' id='word_1_374' title='bbox 1516 2896 1846 2962; x_wconf 60' lang='lat' dir='ltr'><strong>praedatoris.</strong></span> 
     </span>
    </p>

    <p class='ocr_par' dir='ltr' id='par_1_19' title="bbox 1509 2966 2584 3267">
     <span class='ocr_line' id='line_1_66' title="bbox 1584 2966 2579 3037; baseline -0.005 -15"><span class='ocrx_word' id='word_1_375' title='bbox 1584 2972 1753 3036; x_wconf 73' lang='lat' dir='ltr'><strong>Cujus]</strong></span> <span class='ocrx_word' id='word_1_376' title='bbox 1820 2971 1997 3037; x_wconf 84' lang='lat' dir='ltr'><strong>Inquit</strong></span> <span class='ocrx_word' id='word_1_377' title='bbox 2030 2971 2118 3020; x_wconf 88' lang='lat' dir='ltr'><strong>ille</strong></span> <span class='ocrx_word' id='word_1_378' title='bbox 2146 2968 2337 3019; x_wconf 90' lang='lat' dir='ltr'><strong>nebulo</strong></span> <span class='ocrx_word' id='word_1_379' title='bbox 2359 2966 2579 3017; x_wconf 82' lang='lat' dir='ltr'><strong>interro-</strong></span> 
     </span>
     <span class='ocr_line' id='line_1_67' title="bbox 1513 3044 2577 3114; baseline -0.006 -14"><span class='ocrx_word' id='word_1_380' title='bbox 1513 3055 1700 3114; x_wconf 78' lang='lat' dir='ltr'><strong>gatus:</strong></span> <span class='ocrx_word' id='word_1_381' title='bbox 1734 3050 1802 3100; x_wconf 89' lang='lat' dir='ltr'><strong>de</strong></span> <span class='ocrx_word' id='word_1_382' title='bbox 1825 3064 1926 3114; x_wconf 87' lang='lat' dir='ltr'><strong>quo</strong></span> <span class='ocrx_word' id='word_1_383' title='bbox 1948 3062 2138 3111; x_wconf 87' lang='lat' dir='ltr'><strong>nempe</strong></span> <span class='ocrx_word' id='word_1_384' title='bbox 2175 3044 2433 3111; x_wconf 81' lang='lat' dir='ltr'><strong>loqueris?</strong></span> <span class='ocrx_word' id='word_1_385' title='bbox 2466 3044 2577 3095; x_wconf 87' lang='lat' dir='ltr'><strong>Sci-</strong></span> 
     </span>
     <span class='ocr_line' id='line_1_68' title="bbox 1509 3121 2584 3190; baseline -0.006 -13"><span class='ocrx_word' id='word_1_386' title='bbox 1509 3126 1641 3177; x_wconf 88' lang='lat' dir='ltr'><strong>licet</strong></span> <span class='ocrx_word' id='word_1_387' title='bbox 1660 3127 1727 3178; x_wconf 85' lang='lat' dir='ltr'><strong>de</strong></span> <span class='ocrx_word' id='word_1_388' title='bbox 1747 3125 1951 3177; x_wconf 87' lang='lat' dir='ltr'><strong>bomine</strong></span> <span class='ocrx_word' id='word_1_389' title='bbox 1969 3125 2220 3190; x_wconf 89' lang='lat' dir='ltr'><strong>opulento</strong></span> <span class='ocrx_word' id='word_1_390' title='bbox 2246 3121 2470 3189; x_wconf 84' lang='lat' dir='ltr'><strong>quidem,</strong></span> <span class='ocrx_word' id='word_1_391' title='bbox 2490 3121 2584 3172; x_wconf 87' lang='lat' dir='ltr'><strong>sed</strong></span> 
     </span>
     <span class='ocr_line' id='line_1_69' title="bbox 1514 3203 2094 3267; baseline -0.005 -13"><span class='ocrx_word' id='word_1_392' title='bbox 1514 3204 1752 3254; x_wconf 87' lang='lat' dir='ltr'><strong>omnibus</strong></span> <span class='ocrx_word' id='word_1_393' title='bbox 1776 3203 1976 3267; x_wconf 90' lang='lat' dir='ltr'><strong>odioso,</strong></span> <span class='ocrx_word' id='word_1_394' title='bbox 1995 3205 2094 3252; x_wconf 73' lang='lat' dir='ltr'><strong>dcc.</strong></span> 
     </span>
    </p>

    <p class='ocr_par' dir='ltr' id='par_1_20' title="bbox 1514 3277 2590 3573">
     <span class='ocr_line' id='line_1_70' title="bbox 1580 3277 2582 3345; baseline -0.007 -12"><span class='ocrx_word' id='word_1_395' title='bbox 1580 3287 1648 3333; x_wconf 83' lang='grc'><strong>26</strong></span> <span class='ocrx_word' id='word_1_396' title='bbox 1682 3281 1908 3345; x_wconf 77' lang='lat' dir='ltr'><strong>Curibus]</strong></span> <span class='ocrx_word' id='word_1_397' title='bbox 1944 3281 2095 3331; x_wconf 78' lang='lat' dir='ltr'><strong>Cures</strong></span> <span class='ocrx_word' id='word_1_398' title='bbox 2129 3278 2253 3330; x_wconf 87' lang='lat' dir='ltr'><strong>urbs</strong></span> <span class='ocrx_word' id='word_1_399' title='bbox 2275 3277 2582 3329; x_wconf 85' lang='lat' dir='ltr'><strong>Sabinorum</strong></span> 
     </span>
     <span class='ocr_line' id='line_1_71' title="bbox 1518 3356 2586 3424; baseline -0.004 -15"><span class='ocrx_word' id='word_1_400' title='bbox 1518 3359 1639 3409; x_wconf 85' lang='lat' dir='ltr'><strong>oiim</strong></span> <span class='ocrx_word' id='word_1_401' title='bbox 1684 3356 1951 3424; x_wconf 84' lang='lat' dir='ltr'><strong>primaria,</strong></span> <span class='ocrx_word' id='word_1_402' title='bbox 1989 3357 2040 3406; x_wconf 92' lang='lat' dir='ltr'><strong>in</strong></span> <span class='ocrx_word' id='word_1_403' title='bbox 2082 3370 2186 3423; x_wconf 86' lang='lat' dir='ltr'><strong>qua</strong></span> <span class='ocrx_word' id='word_1_404' title='bbox 2220 3357 2368 3406; x_wconf 85' lang='lat' dir='ltr'><strong>Titus</strong></span> <span class='ocrx_word' id='word_1_405' title='bbox 2404 3356 2586 3406; x_wconf 85' lang='lat' dir='ltr'><strong>Tatius</strong></span> 
     </span>
     <span class='ocr_line' id='line_1_72' title="bbox 1514 3433 2590 3499; baseline -0.003 -14"><span class='ocrx_word' id='word_1_406' title='bbox 1514 3434 1854 3499; x_wconf 84' lang='lat' dir='ltr'><strong>imperitabat</strong></span> <span class='ocrx_word' id='word_1_407' title='bbox 1872 3451 1887 3497; x_wconf 87' lang='lat'><strong>;</strong></span> <span class='ocrx_word' id='word_1_408' title='bbox 1920 3443 1979 3484; x_wconf 92' lang='lat' dir='ltr'><strong>et</strong></span> <span class='ocrx_word' id='word_1_409' title='bbox 1995 3435 2132 3485; x_wconf 88' lang='lat' dir='ltr'><strong>unde</strong></span> <span class='ocrx_word' id='word_1_410' title='bbox 2150 3439 2364 3483; x_wconf 84' lang='lat' dir='ltr'><strong>vocatus</strong></span> <span class='ocrx_word' id='word_1_411' title='bbox 2385 3433 2449 3483; x_wconf 88' lang='lat' dir='ltr'><strong>ad</strong></span> <span class='ocrx_word' id='word_1_412' title='bbox 2470 3445 2590 3498; x_wconf 75' lang='lat' dir='ltr'><strong>reg-</strong></span> 
     </span>
     <span class='ocr_line' id='line_1_73' title="bbox 1516 3509 2470 3573; baseline -0.003 -11"><span class='ocrx_word' id='word_1_413' title='bbox 1516 3513 1746 3564; x_wconf 81' lang='lat' dir='ltr'><strong>nandum</strong></span> <span class='ocrx_word' id='word_1_414' title='bbox 1769 3513 1948 3562; x_wconf 78' lang='lat' dir='ltr'><strong>Romae</strong></span> <span class='ocrx_word' id='word_1_415' title='bbox 1971 3512 2145 3562; x_wconf 85' lang='lat' dir='ltr'><strong>Numa</strong></span> <span class='ocrx_word' id='word_1_416' title='bbox 2165 3509 2470 3573; x_wconf 86' lang='lat' dir='ltr'><strong>Pompilius.</strong></span> 
     </span>
    </p>

    <p class='ocr_par' dir='ltr' id='par_1_21' title="bbox 1513 3585 2592 4191">
     <span class='ocr_line' id='line_1_74' title="bbox 1516 3585 2585 3649; baseline -0.007 -9"><span class='ocrx_word' id='word_1_417' title='bbox 1516 3603 1522 3609; x_wconf 87' lang='lat'><strong>·</strong></span> <span class='ocrx_word' id='word_1_418' title='bbox 1586 3591 1833 3647; x_wconf 73' lang='lat' dir='ltr'><strong>Quantum</strong></span> <span class='ocrx_word' id='word_1_419' title='bbox 1852 3603 1944 3638; x_wconf 76' lang='lat' dir='ltr'><strong>uon</strong></span> <span class='ocrx_word' id='word_1_420' title='bbox 1960 3588 2131 3638; x_wconf 78' lang='lat' dir='ltr'><strong>milvus</strong></span> <span class='ocrx_word' id='word_1_421' title='bbox 2144 3585 2351 3649; x_wconf 78' lang='lat' dir='ltr'><strong>oberret]</strong></span> <span class='ocrx_word' id='word_1_422' title='bbox 2374 3585 2585 3649; x_wconf 80' lang='lat' dir='ltr'><strong>Hyper-</strong></span> 
     </span>
     <span class='ocr_line' id='line_1_75' title="bbox 1513 3646 2589 3729; baseline -0.006 -14"><span class='ocrx_word' id='word_1_423' title='bbox 1513 3665 1743 3715; x_wconf 84' lang='lat' dir='ltr'><strong>bolicum</strong></span> <span class='ocrx_word' id='word_1_424' title='bbox 1768 3665 2041 3729; x_wconf 76' lang='lat' dir='ltr'><strong>adagium:</strong></span> <span class='ocrx_word' id='word_1_425' title='bbox 2075 3646 2312 3728; x_wconf 58' lang='lat' dir='ltr'><strong>quantuni*</strong></span> <span class='ocrx_word' id='word_1_426' title='bbox 2340 3661 2473 3710; x_wconf 63' lang='lat' dir='ltr'><strong>arilei</strong></span> <span class='ocrx_word' id='word_1_427' title='bbox 2509 3676 2589 3710; x_wconf 78' lang='lat' dir='ltr'><strong>vo-</strong></span> 
     </span>
     <span class='ocr_line' id='line_1_76' title="bbox 1516 3736 2589 3805; baseline -0.007 -12"><span class='ocrx_word' id='word_1_428' title='bbox 1516 3744 1650 3792; x_wconf 78' lang='lat' dir='ltr'><strong>lunt.-</strong></span> <span class='ocrx_word' id='word_1_429' title='bbox 1681 3743 1736 3792; x_wconf 88' lang='lat' dir='ltr'><strong>id</strong></span> <span class='ocrx_word' id='word_1_430' title='bbox 1773 3748 1876 3805; x_wconf 88' lang='lat' dir='ltr'><strong>est,</strong></span> <span class='ocrx_word' id='word_1_431' title='bbox 1922 3748 2029 3792; x_wconf 88' lang='lat' dir='ltr'><strong>tam</strong></span> <span class='ocrx_word' id='word_1_432' title='bbox 2066 3740 2264 3804; x_wconf 85' lang='lat' dir='ltr'><strong>amplas</strong></span> <span class='ocrx_word' id='word_1_433' title='bbox 2306 3736 2462 3787; x_wconf 78' lang='lat' dir='ltr'><strong>habet</strong></span> <span class='ocrx_word' id='word_1_434' title='bbox 2499 3736 2589 3786; x_wconf 85' lang='lat' dir='ltr'><strong>iile</strong></span> 
     </span>
     <span class='ocr_line' id='line_1_77' title="bbox 1519 3815 2586 3884; baseline -0.005 -15"><span class='ocrx_word' id='word_1_435' title='bbox 1519 3820 1870 3884; x_wconf 86' lang='lat' dir='ltr'><strong>possessiones</strong></span> <span class='ocrx_word' id='word_1_436' title='bbox 1892 3822 1946 3867; x_wconf 83' lang='lat' dir='ltr'><strong>et</strong></span> <span class='ocrx_word' id='word_1_437' title='bbox 1965 3816 2263 3880; x_wconf 78' lang='lat' dir='ltr'><strong>latifundia,</strong></span> <span class='ocrx_word' id='word_1_438' title='bbox 2297 3821 2359 3866; x_wconf 87' lang='lat' dir='ltr'><strong>ut</strong></span> <span class='ocrx_word' id='word_1_439' title='bbox 2394 3829 2461 3865; x_wconf 85' lang='lat' dir='ltr'><strong>ea</strong></span> <span class='ocrx_word' id='word_1_440' title='bbox 2497 3815 2586 3864; x_wconf 84' lang='lat' dir='ltr'><strong>vix</strong></span> 
     </span>
     <span class='ocr_line' id='line_1_78' title="bbox 1520 3891 2592 3960; baseline -0.005 -15"><span class='ocrx_word' id='word_1_441' title='bbox 1520 3902 1635 3945; x_wconf 90' lang='lat' dir='ltr'><strong>tota</strong></span> <span class='ocrx_word' id='word_1_442' title='bbox 1655 3896 1741 3945; x_wconf 88' lang='lat' dir='ltr'><strong>die</strong></span> <span class='ocrx_word' id='word_1_443' title='bbox 1762 3896 1967 3960; x_wconf 80' lang='lat' dir='ltr'><strong>milvus,</strong></span> <span class='ocrx_word' id='word_1_444' title='bbox 1982 3893 2176 3960; x_wconf 86' lang='lat' dir='ltr'><strong>alioqui</strong></span> <span class='ocrx_word' id='word_1_445' title='bbox 2196 3894 2397 3943; x_wconf 82' lang='lat' dir='ltr'><strong>volatus</strong></span> <span class='ocrx_word' id='word_1_446' title='bbox 2419 3891 2592 3955; x_wconf 79' lang='lat' dir='ltr'><strong>perni-</strong></span> 
     </span>
     <span class='ocr_line' id='line_1_79' title="bbox 1519 3968 2583 4035; baseline -0.006 -13"><span class='ocrx_word' id='word_1_447' title='bbox 1519 3972 1735 4035; x_wconf 86' lang='lat' dir='ltr'><strong>cissimi,</strong></span> <span class='ocrx_word' id='word_1_448' title='bbox 1759 3971 2130 4021; x_wconf 78' lang='lat' dir='ltr'><strong>circumvolare</strong></span> <span class='ocrx_word' id='word_1_449' title='bbox 2150 3984 2301 4034; x_wconf 85' lang='lat' dir='ltr'><strong>posse</strong></span> <span class='ocrx_word' id='word_1_450' title='bbox 2325 3968 2583 4018; x_wconf 83' lang='lat' dir='ltr'><strong>videatur.</strong></span> 
     </span>
     <span class='ocr_line' id='line_1_80' title="bbox 1520 4046 2587 4102; baseline -0.007 0"><span class='ocrx_word' id='word_1_451' title='bbox 1520 4049 1792 4102; x_wconf 81' lang='lat' dir='ltr'><strong>Juvenalis</strong></span> <span class='ocrx_word' id='word_1_452' title='bbox 1825 4049 1934 4098; x_wconf 86' lang='lat' dir='ltr'><strong>Sat.</strong></span> <span class='ocrx_word' id='word_1_453' title='bbox 1956 4058 2041 4097; x_wconf 76' lang='lat' dir='ltr'><strong>rx.</strong></span> <span class='ocrx_word' id='word_1_454' title='bbox 2071 4053 2154 4098; x_wconf 76' lang='lat'><strong>66.</strong></span> <span class='ocrx_word' id='word_1_455' title='bbox 2186 4049 2201 4074; x_wconf 92' lang='lat'><strong>‘</strong></span> <span class='ocrx_word' id='word_1_456' title='bbox 2223 4046 2417 4096; x_wconf 81' lang='lat' dir='ltr'><strong>Milvus</strong></span> <span class='ocrx_word' id='word_1_457' title='bbox 2447 4046 2587 4095; x_wconf 84' lang='lat' dir='ltr'><strong>intra</strong></span> 
     </span>
     <span class='ocr_line' id='line_1_81' title="bbox 1523 4124 2568 4191; baseline -0.004 -14"><span class='ocrx_word' id='word_1_458' title='bbox 1523 4134 1613 4177; x_wconf 88' lang='lat' dir='ltr'><strong>tua</strong></span> <span class='ocrx_word' id='word_1_459' title='bbox 1630 4140 1825 4191; x_wconf 85' lang='lat' dir='ltr'><strong>pascua</strong></span> <span class='ocrx_word' id='word_1_460' title='bbox 1844 4124 2040 4175; x_wconf 67' lang='lat' dir='ltr'><strong>lassos!</strong></span> <span class='ocrx_word' id='word_1_461' title='bbox 2565 4146 2568 4151; x_wconf 95' lang='lat'>·</span> 
     </span>
    </p>

    <p class='ocr_par' dir='ltr' id='par_1_22' title="bbox 1520 4199 2588 4424">
     <span class='ocr_line' id='line_1_82' title="bbox 1587 4199 2586 4264; baseline -0.005 -11"><span class='ocrx_word' id='word_1_462' title='bbox 1587 4207 1651 4253; x_wconf 87' lang='grc'><strong>27</strong></span> <span class='ocrx_word' id='word_1_463' title='bbox 1702 4201 1849 4252; x_wconf 73' lang='lat' dir='ltr'><strong>Hunc</strong></span> <span class='ocrx_word' id='word_1_464' title='bbox 1884 4202 1983 4252; x_wconf 78' lang='lat' dir='ltr'><strong>Dis</strong></span> <span class='ocrx_word' id='word_1_465' title='bbox 2017 4199 2182 4264; x_wconf 77' lang='lat' dir='ltr'><strong>iratis]</strong></span> <span class='ocrx_word' id='word_1_466' title='bbox 2234 4200 2396 4263; x_wconf 81' lang='lat' dir='ltr'><strong>Hunc,</strong></span> <span class='ocrx_word' id='word_1_467' title='bbox 2429 4200 2586 4262; x_wconf 78' lang='lat' dir='ltr'><strong>hune,</strong></span> 
     </span>
     <span class='ocr_line' id='line_1_83' title="bbox 1520 4274 2588 4346; baseline -0.002 -17"><span class='ocrx_word' id='word_1_468' title='bbox 1520 4280 1749 4346; x_wconf 85' lang='lat' dir='ltr'><strong>inquam,</strong></span> <span class='ocrx_word' id='word_1_469' title='bbox 1795 4280 2056 4330; x_wconf 87' lang='lat' dir='ltr'><strong>bominum</strong></span> <span class='ocrx_word' id='word_1_470' title='bbox 2094 4292 2156 4330; x_wconf 85' lang='lat' dir='ltr'><strong>ac</strong></span> <span class='ocrx_word' id='word_1_471' title='bbox 2194 4279 2429 4329; x_wconf 88' lang='lat' dir='ltr'><strong>Deorum</strong></span> <span class='ocrx_word' id='word_1_472' title='bbox 2468 4274 2588 4327; x_wconf 84' lang='lat' dir='ltr'><strong>odio</strong></span> 
     </span>
     <span class='ocr_line' id='line_1_84' title="bbox 1523 4355 2583 4424; baseline 0 -17"><span class='ocrx_word' id='word_1_473' title='bbox 1523 4357 1767 4424; x_wconf 75' lang='lat' dir='ltr'><strong>dignnm3</strong></span> <span class='ocrx_word' id='word_1_474' title='bbox 1822 4356 1913 4409; x_wconf 85' lang='lat' dir='ltr'><strong>cui</strong></span> <span class='ocrx_word' id='word_1_475' title='bbox 1946 4355 2147 4409; x_wconf 82' lang='lat' dir='ltr'><strong>infensa</strong></span> <span class='ocrx_word' id='word_1_476' title='bbox 2185 4361 2269 4408; x_wconf 87' lang='lat' dir='ltr'><strong>tot</strong></span> <span class='ocrx_word' id='word_1_477' title='bbox 2309 4355 2380 4408; x_wconf 91' lang='lat' dir='ltr'><strong>ob</strong></span> <span class='ocrx_word' id='word_1_478' title='bbox 2420 4362 2583 4407; x_wconf 68' lang='lat' dir='ltr'><strong>noxas</strong></span> 
     </span>
    </p>
   </div>
  </div>
 </body>
</html>
