3084 4934
1275 408 1556 463 SA'rmA
1584 408 1662 460 -t·.·
1721 438 1728 445 -
1765 404 1770 413 '

343 540 526 609 Men’
553 545 869 610 moveat?
901 545 1154 630 quippe
1180 549 1271 624 et,
1302 547 1515 610 cantet
1544 544 1603 609 si
1630 541 2008 626 naufragus,
2037 560 2257 609 assem

343 646 787 735 Promlerimi
849 653 1102 726 cantaS,
1128 667 1291 731 >cum
1318 646 1534 713 fracta
1562 652 1627 712 te
1656 646 1726 711 in
1749 646 1934 709 trabe
1959 645 2215 729 pictum

1116 749 1390 826 Verum,
1420 769 1542 815 nec
1567 754 1757 813 nocte
1785 754 2094 832 paratum

338 851 667 930 Plorabit‚
699 854 812 936 qui
843 872 949 916 me
980 852 1159 920 volet
1174 854 1559 917 incurvasse
1583 853 1868 935 querela.

340 748 446 812 Ex
478 751 753 815 humero
781 754 1026 833 portes·

2462 386 2551 461 41

426 954 566 1020 Sed
595 957 884 1019 numeris
914 956 1112 1020 decor
1139 961 1243 1020 est
1271 962 1336 1020 et
1357 954 1676 1046 junctura
1705 955 1935 1021 addita
1966 922 2226 1029 crudis:

341 1054 665 1125 claudere
697 1057 795 1121 sic
825 1074 1087 1123 versum
1120 1054 1378 1136 didicit,
1424 1052 1863 1144 Berecynthia-5
1891 1056 2081 1123 Attin
2109 1085 2134 1138 ,-

338 1244 595 1293 Enimvero
638 1245 683 1293 si
725 1249 864 1294 canat
896 1245 940 1293 is
977 1245 1056 1308 qui
1082 1244 1208 1304 fecit
1250 1244 1576 1307 naufragium,
1637 1259 1701 1293 sm
1751 1259 1825 1293 me
1881 1248 2068 1307 tangat,
2124 1249 2172 1293 et
2216 1245 2263 1293 ei
2322 1259 2559 1294 nummum

336 1306 670 1372 emgaoeriin?
757 1308 911 1359 Itane
975 1312 1105 1359 canis

1206 1308 1400 1374 dicam)

339 1375 528 1425 Μ
569 1377 622 1424 in
681 1372 843 1425 tabula
890 1376 1106 1439 abrupta.

1252 1384 1332 1426 rte
1391 1311 1653 1424 singgtnrgo
1669 1378 1715 1422 et
1770 1389 1862 1422 non
1903 1380 2043 1423 noctu
2091 1380 2409 1440 comparatum
2454 1372 2562 1424 edei

1717 1314 1768 1358 te
1822 1324 1849 1357 e
1919 1311 2107 1373 scapula
2173 1314 2338 1372 gestas
2392 1310 2562 1359 'adum-

336 1432 556 1503 δοίητε»,
624 1443 710 1504 qui
757 1442 914 1505 cupiet
963 1456 1038 1490 me
1070 1443 1271 1506 flectere
1312 1440 1607 1504 querimonia
1674 1452 1781 1489 sua.
1847 1438 1918 1489 At
1979 1442 2146 1489 metris
2195 1440 2361 1503 gratia
2417 1438 2561 1504 inest,

337 1511 385 1555 et
442 1507 668 1556 connexio
697 1507 871 1565 juncta
912 1507 1196 1557 immaturis.
1268 1509 1477 1556 Edoctus
1521 1510 1593 1555 est
1644 1508 1717 1554 ita
1757 1504 1910 1570 finire
1954 1521 2165 1555 carmen:
2214 1504 2562 1570 Berecynthiam

336 1572 501 1636 Attin,
538 1577 585 1621 et
610 1572 825 1635 Delphin
866 1573 946 1636 qui
983 1572 1168 1622 secabat
1208 1588 1337 1622 mare
1377 1572 1627 1622 Glaucum.
1696 1571 1778 1620 Ita
1806 1570 2124 1620 subtraximus
2147 1573 2273 1620 latus
2310 1571 2559 1635 Apennino

1206 1704 1213 1711 Ι
1273 1680 1633 1703 oemeeeeeoe

335 1751 522 1816 steph.
568 1751 741 1801 belhm
778 1752 881 1814 hoe,
922 1750 1091 1801 heum
1147 1755 1218 1800 est
1252 1750 1355 1799 Ms.
1398 1749 1465 1798 R.
1520 1748 1608 1797 hoc
1649 1744 1857 1797 tellum?
1901 1747 2072 1797 bellum
2111 1752 2184 1797 est
2216 1748 2320 1798 Ms.
2365 1749 2561 1799 Θειω-

337 1821 402 1868 88
434 1816 570 1867 Men'
592 1822 775 1866 moveat
803 1816 1012 1882 quippe?
1062 1817 1205 1867 Edit.
1240 1815 1557 1879 Steph.——92
1590 1813 1753 1863 abdita
1792 1813 1932 1862 Edit.
1954 1814 2134 1877 Steph.
2168 1813 2393 1864 Quidam
2417 1815 2558 1865 codi-

338 1897 426 1933 ces
461 1882 655 1933 habent
696 1883 889 1933 abdita.-
928 1882 1122 1947 inepte.
1162 1879 1556 1949 Commium—93
1594 1878 1679 1929 Sic
1717 1878 1988 1943 legendum
2025 1885 2131 1929 est:
2174 1878 2315 1944 quod
2352 1880 2557 1945 pridem

1334 1994 1548 2059 NQTAE

402 2090 512 2164 Hor
534 2093 723 2157 bellm]
778 2094 992 2160 Repetit
1038 2109 1153 2144 cum
1176 2092 1407 2157 indigna·

262 2182 267 2189 ’
334 2174 478 2223 tione
501 2170 743 2223 Persius:
791 2173 994 2222 scilicet
1016 2172 1286 2237 pulchrum
1308 2162 1408 2220 hoc'

321 2249 542 2315 ducitis,
560 2265 591 2301 o
613 2250 832 2300 Romani
854 2250 874 2298 ἓ
1245 2264 1250 2269 ·

399 2326 624 2390 Romule]
679 2327 902 2377 Ponitur
924 2341 1019 2391 pro
1044 2325 1281 2392 quolibet
1304 2322 1404 2375 uo-

337 2416 620 2454 manorum.

344 2485 353 2491 '
405 2479 574 2543 Ceves]
607 2476 692 2528 An
715 2479 793 2528 ita
823 2477 1047 2543 turpiter
1070 2476 1313 2539 adularis,
1344 2482 1406 2527 ut

336 2570 489 2607 canes
527 2557 695 2607 solent
721 2555 965 2621 agitando
997 2557 1176 2606 clunes
1199 2554 1404 2604 domino

340 2646 431 2684 suo
448 2635 741 2704 abblandiri
759 2635 779 2685 ?

401 2715 465 2761 88
499 2711 635 2761 Μαί
656 2711 860 2775 moveat]
896 2712 1053 2764 Mene
1101 2713 1166 2762 ad
1205 2711 1404 2763 miseri-

340 2784 567 2839 cordiam
587 2788 874 2852 provocet?

399 2866 593 2932 Assem]
634 2866 858 2918 Ponitur
886 2883 982 2933 pro
1011 2869 1244 2933 quolibet
1264 2882 1409 2918 num-

338 2952 452 2996 mo:
479 2946 690 3010 proprie
715 2960 836 2996 vero
858 2960 913 2995 as
934 2952 1014 2995 est
1043 2944 1237 2995 libralis
1262 2960 1408 2995 num-

335 3038 474 3074 mus:
499 3023 636 3073 idem
661 3038 866 3090 quoque
903 3021 1160 3087 significat
1195 3021 1409 3089 quodli-

339 3101 435 3152 bra
468 3108 525 3152 et
547 3102 737 3167 pondo.
806 3102 969 3152 Varro
1010 3097 1132 3152 l.'1.
1167 3101 1232 3148 de
1253 3099 1405 3165 Ling.

339 3179 546 3229 Latina.

396 3258 462 3304 89
500 3255 698 3317 CautaS,
715 3268 837 3317 cum,
857 3251 963 3318 850]
981 3252 1029 3303 Ο
1046 3251 1199 3316 Pedi,
1220 3250 1406 3303 florido

335 3333 390 3383 in
433 3346 671 3383 sermone
704 3331 837 3380 ludis
873 3340 927 3380 et
959 3332 1175 3394 exultaS,
1191 3346 1309 3380 cum
1333 3340 1408 3380 ta-

334 3425 455 3461 men
496 3425 614 3472 mox
653 3410 719 3459 ob
738 3408 966 3477 ‘crimina
993 3408 1314 3458 damnandus
1338 3410 1408 3460 sis

338 3494 395 3541 et
439 3484 721 3537 movendus
758 3487 975 3549 Senatu,
1010 3493 1116 3536 tam
1136 3489 1324 3537 stultus
1350 3503 1407 3537 es

335 3565 591 3629 nimirum,
630 3580 785 3630 quam
819 3564 906 3629 qui
935 3571 1148 3629 portans
1183 3565 1261 3614 sui
1283 3580 1408 3614 nau·

334 3638 485 3708 fragli
524 3651 671 3694 notas
695 3650 873 3692 cantat
890 3643 1157 3692 hilariter:
1198 3651 1249 3693 et
1275 3651 1352 3706 tu,
1376 3658 1406 3693 o

337 3720 526 3785 Poeta,
548 3720 636 3785 qui
670 3732 873 3769 omnem
912 3720 1167 3771 Carminis
1198 3721 1407 3770 laudem

337 3799 546 3864 reponis
569 3799 623 3848 in
658 3796 858 3847 lew‘bus
891 3797 1205 3848 ornamentis
1227 3796 1410 3862 figura-

339 3890 473 3941 rum,
488 3881 678 3926 neutro
694 3874 897 3923 illorum
921 3888 976 3923 es
995 3874 1184 3924 sanior.

403 3956 466 4011 Iu
494 3955 650 4021 trabe]
687 3951 834 4004 Trabs
875 3968 967 4017 pro
996 3953 1187 4003 tabella
1219 3955 1411 4020 accipi-

341 4040 442 4086 tur.

402 4111 619 4175 Pictum]
651 4109 810 4176 Apud
825 4096 1049 4169 vetere's,
1062 4107 1150 4174 qui
1171 4104 1411 4158 fecerant

338 4188 681 4254 naufragium,
720 4188 818 4237 hoc
873 4186 926 4235 in
972 4184 1166 4234 tabella
1214 4184 1410 4248 pictum

338 4264 793 4328 circumferebant,
837 4269 898 4313 ut
939 4263 1129 4328 stipem
1162 4267 1411 4326 'corroga-

337 4351 472 4396 rent.
519 4341 786 4394 'rebellam
819 4352 948 4391 vero
976 4344 1156 4405 postea
1186 4338 1241 4388 in
1266 4336 1410 4403 Nep-

1488 2084 1600 2141 tuni
1623 2090 1906 2140 alteriusve.
1931 2090 2036 2140 Dei
2070 2089 2398 2153 opitulatoris
2434 2095 2564 2139 tem-

1488 2170 1574 2233 plo
1598 2169 2000 2233 suspendebant.
2069 2170 2256 2218 Horat.
2303 2167 2407 2218 od.
2434 2183 2473 2218 1.
2510 2172 2561 2219 5.

1486 2249 1501 2274 ⁶
1529 2247 1618 2296 Me
1641 2246 1817 2296 tabula
1842 2260 1990 2295 sacer
2022 2246 2218 2295 Votiva
2236 2245 2406 2309 paries
2434 2244 2564 2294 indi-

1488 2332 1593 2385 cat,
1618 2323 1772 2373 uvida
1798 2323 2138 2388 Suspendisse
2163 2323 2369 2388 potenti
2392 2324 2566 2373 Vesti-

1483 2409 1662 2453 menta
1688 2404 1841 2453 maris
1860 2402 2009 2454 Deo!

1552 2486 1616 2531 90
1658 2482 1850 2545 Verum,
1883 2482 1988 2545 ξι]
2054 2481 2270 2546 Supple,
2299 2482 2560 2547 ploratum

1485 2559 1710 2624 plorabit
1731 2576 1743 2621 3
1765 2561 1898 2610 sicut
1924 2559 2157 2625 dicimus,
2181 2562 2343 2610 vitam
2366 2561 2561 2613 vivere.

1553 2638 1705 2687 Nocte
1722 2635 1967 2700 paratum]
2019 2636 2331 2686 Meditatum
2364 2643 2419 2686 et
2449 2645 2563 2693 arte

1487 2714 1789 2766 confictum.

1552 2798 1612 2843 91
1654 2793 1756 2849 Qui
1801 2808 1872 2843 me
1910 2794 2052 2855 volet,
2092 2792 2199 2857 ξω]
2265 2792 2433 2842 Poeta
2475 2790 2565 2858 qui

1486 2871 1713 2920 voluerit
1746 2870 1970 2919 lectores
2010 2884 2240 2931 movere,
2295 2884 2361 2917 ne
2410 2866 2566 2918 falsos

1489 2954 1692 2997 tantum
1712 2947 1911 2996 colores
1939 2951 1995 2996 et
2011 2960 2145 2994 vana
2166 2945 2396 2995 Carmini
2420 2944 2567 2994 or‘na·

1485 3030 1677 3087 menta,
1714 3024 1779 3072 de
1828 3022 2012 3087 quibus
2060 3029 2204 3085 ante,
2245 3021 2337 3071 sed
2382 3035 2561 3073 verum

1488 3112 1696 3152 succum
1722 3116 1782 3149 ac
1822 3099 1976 3149 robur
2017 3100 2180 3149 indat.
2218 3098 2470 3151 Horatius
2510 3099 2565 3153 in

1488 3179 1621 3229 Arte
1646 3192 1658 3229 ε
1692 3180 1708 3207 ‘
1729 3179 1783 3229 si
1810 3179 1883 3228 vis
1904 3193 1983 3228 me
2007 3175 2153 3240 flere,
2181 3176 2460 3228 dolendum
2483 3184 2569 3230 est

1489 3258 1710 3321 primum
1735 3256 1834 3321 ipsi
1862 3255 1993 3305 tibi?

1554 3340 1619 3388 92
1654 3334 1750 3384 Sed
1800 3333 2005 3384 ’raineris
2036 3335 2176 3382 decor
2217 3330 2312 3395 est]
2378 3330 2566 3382 Retor-

1491 3418 1620 3478 quet
1641 3413 1804 3461 malus
1831 3410 2028 3460 Poeta:
2078 3416 2311 3459 attamen
2334 3402 2385 3457 in
2411 3407 2473 3457 iis
2490 3408 2568 3473 ip-

1489 3490 1558 3542 sis.
1602 3488 1835 3539 versibus
1879 3503 2006 3554 quos
2041 3485 2393 3551 reprehendis,
2431 3482 2567 3536 inest

1489 3558 1830 3630 concinnitaS,
1865 3566 2002 3615 inest
2025 3563 2217 3629 aliquid
2260 3571 2474 3614 ornatus
2508 3570 2565 3614 et

1489 3643 1717 3705 artificii,
1732 3657 2022 3709 quanquam
2043 3649 2098 3692 tu
2113 3641 2301 3691 crudos
2325 3654 2496 3690 vocas.

1553 3720 1762 3784 Addita]
1801 3720 2007 3784 Legunt
2039 3719 2271 3785 quidam,
2304 3714 2488 3782 abdita,
2511 3717 2566 3769 id

1491 3806 1590 3860 est,
1611 3796 1864 3860 abstrusa,
1888 3797 2116 3857 occulta,
2150 3801 2264 3845 arte
2287 3802 2341 3844 et
2360 3794 2568 3858 iugenio

1490 3875 1799 3941 conquisita.

1561 3952 1761 4016 Crudis]
1819 3950 2067 4001 Versibus
2110 3964 2213 3999 non
2247 3953 2330 3998 sat
2361 3954 2570 4001 matura

1491 4028 1836 4093 meditatione
1871 4027 2143 4095 perfectis,
2179 4027 2282 4088 vel,
2307 4023 2461 4076 factis
2480 4041 2570 4075 ex-

1491 4116 1747 4174 tempore,
1778 4115 1833 4158 et
1858 4120 2040 4171 magno
2062 4119 2296 4165 numero,
2328 4103 2438 4152 sine
2463 4100 2568 4153 ullo

1490 4187 1689 4248 labore,
1726 4185 1966 4250 nullaque
2000 4179 2273 4245 diligentia
2306 4187 2364 4229 et
2396 4178 2570 4229 indus·

1493 4264 1594 4315 tria
1618 4261 1858 4328 profusis.
2563 4306 2572 4315 ,

1556 4343 1620 4391 93
1658 4339 1887 4390 Glanum
1922 4334 1991 4385 sic
2022 4348 2224 4397 versum,
2244 4328 2349 4396 &ct-J
2398 4332 2569 4397 Repo-
