3084 4934
530 367 659 438 162

530 533 862 601 Continuo
890 549 1186 601 crassum
1210 531 1385 597 ridet
1407 529 1766 602 Vuffonius
1794 533 2046 616 ingens,

1285 386 1363 438 A.
1407 383 1656 435 mmsn
1711 384 1978 438 FLAccl

529 636 616 703 Et
643 641 906 702 centum
931 634 1215 701 Graecos
1240 639 1437 700 curto
1461 639 1772 700 centusse
1798 635 2050 700 licetur.

519 823 697 874 rustice
713 821 1037 888 cachinnantur,
1053 827 1103 873 et
1119 827 1332 875 emenus
1352 823 1547 873 Groecos
1565 822 1773 872 oestimae
1794 826 1981 873 centum
2001 787 2185 872 assibus
2207 822 2479 879 decuriati&

1456 950 1815 971 ”nomem

510 1038 623 1084 ‘191
667 1033 924 1097 Vulpeuius
944 1027 1086 1085 Edit.
1109 1033 1290 1099 Steph.
1369 1034 1650 1095 Vulfennius
1669 1035 1771 1088 Ms.
1796 1035 1865 1086 R.
1930 1035 2152 1087 variant
2175 1035 2358 1102 scripti
2378 1034 2666 1096 Pulfenius
2685 1041 2740 1085 et

537 1099 844 1165 Vulpermius.
911 1099 1198 1151 Casaubon.
1264 1099 1523 1160 Puffem‘us
1544 1101 1607 1153 C.

1528 1247 1744 1302 NOTAE

525 1367 584 1413 et
603 1358 859 1427 imperitis
890 1358 1159 1423 militibus,
1180 1359 1223 1411 si
1263 1359 1342 1410 vis
1378 1374 1497 1410 cum
1521 1360 1598 1410 lu-

524 1439 698 1490 dibrio
731 1444 788 1489 et
823 1453 986 1488 sanna
1022 1437 1209 1503 excipi.
1277 1438 1438 1490 Quasi
1471 1451 1597 1488 vero

524 1514 698 1566 ferant
722 1514 799 1564 illi
821 1528 877 1565 se
899 1514 1004 1564 dici
1042 1528 1143 1563 non
1166 1528 1380 1580 usquam
1401 1528 1514 1564 esse
1537 1515 1595 1564 li-

523 1591 700 1653 beros,
721 1590 811 1641 sed
834 1592 989 1655 plane
1005 1604 1200 1640 servos.
1246 1591 1402 1641 Prov.
1420 1590 1597 1642 Graec.

520 1668 833 1733 στρατιωτικὴ
850 1666 1053 1731 maylan:
1076 1669 1294 1718 Militum
1305 1684 1431 1719 more
1445 1670 1596 1719 ratio-

522 1761 630 1796 nem
647 1747 773 1796 haud
800 1747 945 1811 cupit.

596 1823 840 1874 varicosos
869 1823 1185 1888 cerutus-ima]
1247 1824 1354 1877 Qui
1402 1823 1596 1876 habeut

520 1899 575 1949 in
598 1901 839 1952 cruribus
860 1902 1061 1952 varices
1097 1916 1127 1951 e
1162 1902 1342 1952 labore
1365 1903 1598 1968 militari,

526 1977 719 2043 quique
760 1987 821 2029 nt
859 1992 1082 2043 corpore
1113 1980 1188 2030 sic
1234 1980 1404 2030 animo
1457 1981 1595 2032 intu-

519 2064 781 2106 mescunt.
847 2058 1065 2108 Varices
1088 2073 1246 2122 porro
1266 2061 1269 2062 ’
1286 2064 1409 2109 sunt
1447 2073 1594 2110 venae

516 2132 687 2183 multo
726 2138 784 2182 et
814 2133 1021 2198 impuro
1041 2136 1291 2200 sanguine
1311 2134 1507 2187 inflatae
1539 2138 1596 2187 in

512 2209 766 2259 -eruribus
786 2226 801 2271 3
852 2211 989 2275 quod
1025 2212 1342 2275 cursoribus,
1387 2213 1596 2277 bajulis,

516 2292 581 2335 et
602 2286 692 2336 diu
713 2286 971 2337 stantibus
994 2288 1249 2352 accidere,
1274 2288 1350 2339 ait
1371 2289 1598 2340 Avicen-

516 2376 609 2413 na.
672 2364 910 2414 Varicosi
932 2365 1176 2416 dicuntur
1197 2366 1357 2417 fuisse
1381 2368 1458 2418 M.
1477 2368 1597 2419 Tul-

515 2440 621 2489 lius
659 2440 866 2502 Cicero,
897 2443 958 2492 C.
991 2443 1210 2508 Marius,
1229 2445 1440 2511 aliique.
1507 2447 1595 2496 De

523 2515 697 2567 Mario
718 2517 831 2581 ipse
852 2519 1051 2570 Tullius
1069 2522 1277 2573 Tuscul.
1301 2523 1504 2575 Quaest.
1528 2537 1595 2573 11.

516 2608 579 2647 n.
604 2599 684 2645 5³.
723 2596 798 2646 sic
828 2597 1019 2647 habet:
1075 2599 1092 2629 ‘
1119 2600 1179 2650 C.
1217 2599 1419 2651 Marius
1441 2600 1597 2650 rusti-

525 2685 684 2721 canus
704 2672 803 2738 vir,
825 2674 921 2723 sed
956 2675 1111 2738 plane
1132 2675 1232 2739 vir,
1255 2691 1374 2726 cum
1395 2691 1596 2727 secare-

519 2753 627 2812 tur,
651 2750 818 2801 vetuit
852 2765 906 2800 se
941 2751 1156 2817 alligari,
1185 2763 1284 2801 nec
1321 2752 1596 2818 quisquam

523 2833 647 2877 ante
670 2828 898 2879 Marium
912 2830 1112 2880 solutus
1134 2829 1328 2880 dicitur
1350 2844 1464 2879 esse
1486 2844 1597 2880 sec-

523 2904 627 2955 tus.
677 2906 783 2955 Cur
803 2920 933 2971 ergo
954 2913 1140 2970 postea
1152 2906 1240 2955 alii
1258 2908 1276 2956 ?
1296 2906 1460 2957 valuit
1479 2921 1597 2956 auc-

522 2980 730 3032 toritas.
753 3009 817 3021 -
844 2984 974 3033 Crus
1037 2998 1159 3033 vero
1211 2985 1434 3034 alterum
1487 2998 1592 3034 non

516 3057 767 3121 praebuit.
832 3059 918 3109 Ita
942 3066 997 3109 et
1021 3060 1140 3109 tulit
1163 3060 1393 3110 dolorem
1415 3065 1475 3110 nt
1493 3061 1593 3125 vir,

520 3138 578 3184 et
597 3140 657 3185 ut
675 3135 828 3185 homo
849 3137 1096 3200 maiorem
1118 3135 1276 3200 ferre,
1299 3136 1408 3186 sine
1431 3151 1592 3186 causa

521 3212 830 3274 necessaria,
852 3214 1052 3263 noluit.'
1086 3213 1287 3264 Plinius
1310 3225 1390 3265 xi.
1414 3220 1494 3266 45.
1519 3216 1595 3265 ait

434 3319 441 3330 .
518 3285 586 3336 C.
611 3287 856 3351 Marium,
889 3289 979 3353 qui
1014 3290 1208 3353 septies
1248 3291 1440 3339 Consul
1472 3289 1594 3353 fuit,

514 3368 749 3412 stantem
784 3364 886 3414 sibi
919 3379 1121 3429 passum
1146 3366 1346 3416 varices
1369 3367 1596 3429 extrahi,

521 3438 662 3488 inter
693 3441 922 3491 homines
946 3457 1099 3491 unum
1122 3458 1136 3503 ;
1187 3442 1391 3492 scilicet
1414 3457 1476 3491 eo
1501 3458 1595 3491 soe-

511 3516 672 3566 culo:
723 3518 916 3567 namin
940 3520 1052 3568 aliis
1088 3520 1142 3568 id
1176 3519 1373 3570 factum
1398 3526 1596 3586 postea,

518 3593 672 3641 testis
696 3593 884 3644 Cicero
924 3596 1039 3645 loco
1074 3612 1193 3646 mox
1233 3598 1415 3648 citato.
1486 3599 1595 3647 De-

518 3666 676 3732 nique
703 3670 1016 3723 Plutarchus
1036 3674 1091 3723 in
1113 3676 1241 3725 Vita
1265 3677 1418 3726 Marii
1441 3675 1594 3725 initio

506 3742 688 3796 :refert
723 3761 842 3796 eum
864 3764 1014 3800 crura
1042 3754 1198 3815 plena
1221 3753 1483 3803 varicibus
1506 3755 1595 3802 ha-

506 3819 713 3884 ·bnisse‚
754 3829 813 3873 et
855 3840 973 3876 cum
1017 3827 1400 3880 deformitatem
1453 3844 1595 3895 aegre

521 3895 705 3964 ferret,
740 3907 994 3954 accersito
1028 3906 1261 3970 Medico,
1295 3908 1595 3970 haud-liga-

523 3980 653 4040 tum,
684 3980 905 4029 alterum
943 3996 1060 4031 crus
1101 3984 1400 4048 praebuisse,
1437 3989 1595 4048 atque

518 4054 659 4105 inter
709 4058 1061 4121 incidendum,
1114 4062 1376 4111 constanti
1425 4061 1594 4111 animo

523 4133 847 4204 perstitisse:
908 4144 962 4185 at
1018 4149 1146 4185 vero
1202 4152 1318 4187 crus
1371 4137 1597 4186 alterum

524 4208 764 4269 poscenti
784 4209 999 4261 Medico
1023 4228 1259 4279 negasse,
1288 4209 1597 4279 subjecisse-

527 4298 659 4363 (μιᾶς
717 4294 918 4345 tantum
973 4290 1206 4341 dolorem
1248 4292 1438 4343 iterum
1480 4306 1599 4357 per·

1675 1358 1832 1426 ferre,
1851 1360 2119 1430 iudignum
2144 1376 2200 1412 se
2223 1359 2485 1413 arbitrari.

1746 1439 2082 1503 Centuriones]
2100 1441 2367 1491 Ductores
2382 1438 2633 1503 peditum.
2660 1438 2746 1502 De
2829 1445 2836 1448 “

1675 1513 1773 1578 his,
1792 1515 1916 1565 vide
1937 1515 2217 1581 vegetium
2255 1517 2323 1567 de
2361 1531 2419 1566 re
2442 1516 2682 1580 Militari,
2710 1513 2747 1566 l.

1676 1606 1740 1643 11.
1787 1593 2014 1657 Dionys.
2038 1593 2308 1643 Halicam.
2344 1594 2380 1643 l.
2403 1607 2480 1643 iv.
2510 1594 2528 1621 ‘
2554 1593 2748 1643 Centu-

1675 1671 1882 1735 riones,'
1912 1671 2098 1736 inquit,
2127 1672 2144 1700 ‘
2168 1671 2328 1722 electi
2350 1674 2504 1721 erant
2536 1684 2606 1719 ex
2644 1681 2750 1718 om-

1675 1747 1825 1798 nibus
1845 1747 1988 1798 bello
2020 1747 2237 1811 strenui,
2272 1748 2363 1812 qni
2400 1759 2519 1796 suos
2554 1745 2749 1810 quique

1676 1825 1971 1889 manipulos
2002 1826 2161 1890 jussis
2200 1825 2623 1889 obtemperantes
2663 1836 2750 1872 ex-

1673 1901 1957 1953 hibebant.'
2021 1904 2103 1952 Ex
2140 1902 2221 1950 his
2253 1901 2549 1965 intelligere
2584 1904 2666 1949 est
2699 1913 2752 1948 a·

1678 1979 1805 2028 lium
1840 1978 2217 2029 centurionem
2256 1977 2636 2042 manipularem
2674 1973 2754 2025 fu‘·

1676 2056 1800 2120 isse,
1840 2057 1927 2121 qui
1966 2056 2153 2122 viginti
2192 2053 2435 2119 militum,
2478 2059 2535 2106 et
2580 2051 2751 2103 turbae

1676 2134 2007 2183 scutatorum
2050 2133 2241 2182 ductor
2273 2137 2407 2194 erat,
2430 2130 2588 2180 aiium
2627 2137 2753 2178 vero

1676 2209 2050 2260 centurionem
2083 2208 2435 2271 Primipilum,
2457 2205 2545 2270 qui
2581 2203 2751 2255 tribus

1674 2284 1883 2334 vexillis
1908 2290 2167 2348 praeerat3
2215 2297 2373 2347 porro
2397 2280 2645 2331 vexillum
2664 2279 2754 2329 ho-

1675 2365 1841 2413 mines
1884 2370 2095 2413 centum
2144 2360 2415 2426 octoginta
2457 2366 2565 2409 tres
2613 2372 2753 2409 com-

1674 2440 2026 2504 plectebatur.
2107 2437 2245 2489 Vide
2283 2438 2441 2489 Alex.
2485 2436 2553 2486 ab
2593 2434 2751 2488 Alex'.

1675 2530 1717 2566 1.
1742 2523 1790 2568 5.

1741 2598 1838 2643 190
1893 2594 2119 2644 Crassum
2161 2591 2312 2656 ridet]
2374 2585 2628 2656 Ingentes
2674 2604 2753 2641 re-

1675 2677 1834 2735 pente
1872 2670 2154 2721 cachinnos
2195 2669 2357 2733 tollit,
2395 2674 2453 2718 et
2496 2667 2550 2717 in
2588 2665 2754 2717 risum

1677 2746 1897 2797 effusum
1939 2747 2176 2798 solvitur.
2276 2743 2525 2805 Valsenius
2563 2743 2755 2806 iugens,

1676 2826 1833 2876 Miles
1870 2832 1962 2875 aut
2006 2824 2255 2876 Centurio
2295 2834 2541 2888 procerus
2579 2825 2637 2870 et
2673 2831 2754 2868 ro·

1674 2903 1881 2954 bustus.
1972 2900 2245 2962 Vulfenius:
2294 2899 2474 2949 fictum
2512 2912 2544 2946 a
2582 2894 2755 2945 Poeta

1676 2994 1865 3030 nomen
1898 2978 2152 3041 creditur,
2193 2992 2290 3042 pro
2329 2990 2432 3041 quo
2465 2973 2665 3040 legitur
2696 2974 2755 3021 et

1684 3056 1992 3121 Vulpermius,
2005 3059 2068 3120 ret
2091 3054 2391 3114 Pulfenius.

1743 3137 1837 3184 191
1874 3134 1946 3183 Et
1968 3138 2156 3182 centum
2178 3132 2390 3190 (ἔναυε,
2408 3126 2515 3193 ξω]
2580 3123 2756 3198 Philo*

1675 3212 1864 3276 sophos
1905 3216 2116 3260 centum
2139 3223 2204 3257 ea
2226 3205 2512 3256 sentientes
2535 3197 2602 3251 et‘
2616 3198 2755 3249 affir-

1675 3295 1879 3340 mantes
1896 3304 2085 3353 magno
2104 3292 2295 3338 conatu
2317 3284 2539 3336 totidem
2554 3281 2755 3331 assibus

1676 3369 1808 3418 nolit
1831 3382 2021 3431 emere,
2041 3366 2233 3415 nedum
2264 3362 2423 3413 fidem
2455 3360 2648 3410 habeat
2670 3371 2756 3408 eo-

1675 3461 1788 3496 rum
1811 3445 1970 3495 dictis
1992 3444 2096 3494 etsi
2124 3440 2425 3493 verissimis·

1743 3522 1965 3585 Groecos]
2014 3521 2104 3570 Sic
2126 3520 2237 3568 Sat.
2262 3531 2303 3566 1.
2326 3515 2520 3579 posuit,
2540 3512 2757 3579 crepidas

1680 3599 1974 3656 Graimm;
2022 3610 2207 3659 nempe
2231 3610 2261 3644 e
2285 3593 2496 3644 Graecia
2529 3603 2754 3647 emen-seq
2808 3646 2815 3653 Ι

1676 3682 1799 3726 runt
1835 3689 2010 3725 omnes
2043 3672 2154 3722 fere
2177 3667 2500 3733 Philosophi,
2521 3666 2755 3728 Philos03

1676 3753 1816 3819 phioe
1840 3760 1895 3802 et
1918 3751 2203 3816 Sapientiae
2240 3748 2548 3810 rudimenta,
2591 3744 2749 3803 immo

1676 3831 1994 3888 documenta
2016 3836 2072 3877 et
2093 3826 2302 3876 lumina.

1745 3908 1895 3956 (ἴω-ιο
1916 3911 2122 3955 centusse
2144 3904 2338 3964 licetur]
2366 3904 2621 3951 Centusse
2643 3913 2753 3955 mu·

1677 3984 1848 4043 tilam,
1866 3995 1968 4031 non
1992 3982 2219 4045 integro,
2242 3978 2475 4041 adeoque
2514 3975 2604 4026 vix
2646 3989 2750 4036 uno

1679 4073 1790 4109 asse
1814 4073 1969 4107 uuum
1995 4059 2294 4122 Sapientem
2318 4053 2559 4103 aestimat.

1743 4135 1960 4198 Licetur]
1983 4134 2161 4196 Liceri,
2177 4132 2334 4183 estin
2356 4130 2601 4183 auctione
2621 4128 2751 4196 pub?

1676 4215 1781 4265 lica
1805 4210 2273 4279 pretium-deferre.
