3084 4934
1237 444 1516 503 SATmA
1566 446 1637 494 V

2415 414 2555 487 11⁷

341 592 510 663 Cum
532 567 763 660 blandi
791 593 1093 672 comites»,
1115 597 1390 677 totaque
1420 593 1693 676 impune
1723 586 1988 654 Subura

341 697 660 786 Permisit
682 696 1015 782 sparsisse
1043 698 1320 762 oculos
1290 716 1435 782 Jam
1465 694 1790 761 candidus
1810 693 2053 774 umb03

324 912 501 974 faciles
519 911 758 979 aderant,
778 918 826 964 et
845 916 1032 980 clypeus
1051 915 1186 966 albus
1208 921 1323 967 tunc
1341 914 1523 966 sinebat
1546 930 1629 965 me
1649 911 1845 975 injicere
1861 911 2013 962 oculos
2031 908 2135 960 sine
2154 912 2279 958 metii
2298 907 2349 957 in
2368 919 2549 957 omnm

1326 1071 1542 1123 NOTAE

333 1178 544 1232 fluxerit
565 1196 676 1232 mos
696 1181 852 1232 bullae
881 1185 1164 1248 gestandae.
1230 1188 1315 1237 De
1339 1199 1401 1235 eo
1483 1185 1801 1253 plebeiorum
1845 1188 1901 1233 et
1938 1195 2241 1247 pauperum.
2319 1177 2549 1243 Propius

333 1258 500 1307 multa
521 1264 577 1308 et
598 1260 741 1310 varia
761 1261 1063 1310 Macrobius
1087 1262 1201 1312 loco
1235 1263 1398 1313 citato

329 1346 470 1401 mox,
494 1337 584 1386 nbi
606 1343 662 1388 et
684 1337 759 1388 sic
779 1339 971 1390 habet:
1021 1340 1036 1367 ‘
1058 1340 1239 1390 Tullus
1265 1340 1398 1391 Hos·

330 1413 473 1483 tilius
511 1415 626 1464 Rex
649 1416 993 1465 Romanorum
1017 1417 1202 1467 tertius
1224 1417 1397 1468 debel-

326 1489 447 1541 latis
470 1491 766 1557 Hetruscis,
781 1493 960 1543 sellam
979 1494 1228 1558 curulem,
1248 1495 1396 1544 licto·

329 1581 537 1633 resque,
561 1575 618 1619 et
638 1577 812 1635 togam
848 1570 1064 1636 pictam,
1081 1577 1238 1637 atque
1261 1586 1395 1636 prae-

329 1650 550 1709 textam,
583 1661 699 1711 quae
735 1646 958 1711 insignia
988 1648 1396 1735 ‘Magistratuum

329 1718 710 1774 Hetruscorum
735 1731 904 1790 erant,
921 1725 1115 1789 primus
1139 1730 1199 1775 ut
1220 1727 1397 1776 Rbmae

324 1799 656 1863 haberentur,
700 1801 945 1853 instituit.
1031 1802 1135 1851 Sed
1179 1810 1400 1868 praetex-

328 1883 438 1928 tam
459 1878 550 1928 illo
571 1879 762 1929 saeculo
799 1878 1012 1942 puerilis
1052 1893 1155 1928 nou
1193 1894 1398 1944 usurpa·

325 1955 421 2005 bat
461 1961 606 2007 aetas.
683 1955 877 2006 Postea
919 1971 1042 2007 vero
1084 1957 1396 2023 Tarquinius

326 2031 766 2084 Priscus-filium
806 2048 955 2084 suum
1004 2049 1164 2084 annos
1213 2042 1395 2100 quatu-

325 2109 555 2161 ordecim
599 2116 796 2174 natum,
833 2111 1202 2176 quodhostem
1241 2127 1393 2162 manu

322 2193 677 2253 percusserat,
710 2184 816 2253 ¹pro
862 2188 1110 2239 concione
1148 2188 1396 2254 laudavit,

320 2256 382 2315 et
404 2264 545 2315 bulla
578 2279 735 2315 aurea
769 2271 1134 2330 praetextaque
1159 2264 1394 2329 donavit,

321 2340 602 2409 insigniens
625 2359 842 2408 puerum
865 2344 1004 2393 ultra
1025 2358 1183 2393 annos
1203 2341 1393 2394 fortem

324 2421 553 2486 praemiis
593 2421 857 2472 virilitatis
906 2427 960 2471 et
995 2419 1393 2488 honoria—‚Alii

246 2498 253 2507 '
320 2507 513 2567 putant
532 2499 752 2549 eundem
770 2499 1030 2561 Priscum,
1060 2513 1174 2549 cum
1198 2505 1394 2550 statum

324 2576 515 2628 civium
558 2578 773 2628 solertia
816 2576 1021 2643 providi
1058 2576 1392 2641 Principatus

319 2657 613 2734 prdinaret,
628 2655 821 2707 cultum
840 2669 1041 2721 quoque
1054 2655 1390 2719 ingenuorum

320 2749 603 2800 puerorum
623 2733 762 2784 inter
779 2734 1042 2799 praecip'ua
1060 2733 1280 2783 dixisse:
1316 2732 1393 2782 in-

321 2811 655 2877 stituisseque
699 2819 760 2861 ut
802 2809 1018 2860 Patricii
1060 2808 1203 2860 bulla
1235 2823 1394 2860 aurea

323 2904 443 2940 cum
487 2894 613 2954 toga
671 2889 756 2940 cui
799 2887 1108 2953 praetexitur
1163 2902 1392 2952 purpura

320 2974 618 3033 uterentur,
650 2967 904 3018 duntaxat
926 2966 1004 3016 illi
1038 2968 1252 3031 quotum
1291 2966 1391 3014 Pa-

319 3055 429 3099 tres
448 3048 688 3100 Curnlem
707 3052 976 3114 gesserant
989 3040 1392 3109 Magistratum,'

323 3128 423 3177 ὅτε.
473 3124 749 3188 Asconius,
780 3124 797 3153 ⁸
820 3122 1008 3187 Bulla,’
1034 3122 1220 3188 inquit,
1243 3123 1260 3151 ‘
1284 3137 1390 3172 sus·

322 3203 482 3268 pendi
516 3203 568 3252 in
604 3203 739 3252 collo
771 3200 1006 3269 ingenuis
1041 3201 1175 3252 solet
1216 3215 1387 3264 aurea,

319 3280 577 3332 libertinis
599 3286 821 3342 scortea,
862 3279 1007 3344 quasi
1037 3279 1389 3330 communiens

323 3366 512 3424 pectus
527 3357 760 3423 puerile!
792 3357 945 3407 Alex.
969 3356 1037 3408 ab
1053 3355 1210 3409 Alex.
1228 3369 1291 3406 11.
1310 3360 1390 3407 19.

320 3437 397 3489 sic
418 3436 581 3505 habet
599 3438 627 3486 ι’
648 3436 664 3465 ‘
680 3434 1020 3487 Praetextatis
1040 3434 1232 3484 bullam
1266 3448 1392 3498 peu-

316 3516 447 3587 dere
470 3530 567 3580 pro
598 3520 815 3580 pectore
851 3511 1109 3565 affirmant
1139 3512 1390 3577 nonnulli,

318 3600 380 3646 nt
400 3593 478 3645 ibi
500 3593 670 3645 cordis
689 3582 887 3658 insigne
918 3597 1172 3654 maneret,
1202 3589 1291 3640 ubi
1313 3604 1390 3641 se·

319 3671 413 3724 des
432 3677 550 3721 erat
571 3668 808 3721 consilii.’
878 3669 951 3720 Et
973 3668 1204 3733 ejusdem
1225 3666 1315 3718 lib.
1337 3683 1388 3719 e.

316 3753 401 3802 2⁵.
434 3747 450 3777 ⁴
471 3748 695 3799 Romani
729 3760 919 3815 pueros
955 3751 1212 3817 praetexta
1233 3745 1390 3796 dona-

315 3827 468 3892 bant,
491 3832 548 3877 et
584 3826 741 3897 bulla.
781 3825 941 3877 ‘Haec
975 3839 1133 3877 aurea
1162 3830 1297 3889 erat,
1313 3823 1392 3875 in

317 3905 466 3971 signe
496 3902 802 3968 nobilitatis,
837 3902 1055 3969 figuram·
1093 3900 1266 3953 cordis
1303 3901 1391 3951 ha-

318 3982 470 4048 bens,
491 3988 553 4033 ut
571 3982 836 4046 signarent
865 3996 982 4033 eam
1016 3986 1225 4041 aetatem
1262 3980 1389 4030 alte-

319 4061 426 4124 rins
465 4060 680 4112 consilio
726 4056 1020 4125 regendam.
1090 4057 1244 4107 Bulla
1286 4056 1390 4121 pri-

317 4152 462 4191 mum
503 4152 537 4192 a
573 4136 859 4204 Tarquinio
912 4135 1093 4189 Prisco
1142 4133 1391 4184 donatum

319 4212 479 4268 sunm
487 4214 652 4287 tilium
667 4214 901 4281 uadunt,
917 4227 1071 4280 quem
1088 4212 1142 4262 in
1165 4216 1392 4276 praetex-

321 4297 392 4347 tn
410 4292 581 4346 mnis
598 4292 801 4367 hostem
843 4290 1027 4369 dieunt
1056 4287 1392 4341 occidisse.—

315 4370 513 4427 Lonm
533 4383 659 4424 vero
696 4356 814 4424 ers‘t
833 4360 1034 4438 insigne
1064 4368 1390 4441 libertorum,

1482 1280 1607 1316 vero
1632 1267 1735 1326 est,
1756 1260 1956 1311 foedere
1993 1261 2103 1309 icto
2124 1273 2240 1309 cum
2262 1255 2468 1308 Sabinis
2490 1261 2549 1308 et

1481 1344 1660 1406 Tatio,
1682 1348 1888 1394 cautum
1922 1337 2103 1402 fuisse,
2141 1343 2202 1388 ut
2234 1337 2378 1387 bulla
2413 1350 2548 1399 prie-

1481 1428 1751 1485 textaque,
1776 1432 1872 1482 per
1902 1431 1990 1469 eas
2024 1418 2364 1480 tempestates
2400 1412 2548 1471 Sabi-

1475 1514 1660 1552 norum
1684 1503 1890 1559 ornatu,
1912 1500 2175 1559 raptarum
2208 1490 2302 1540 filii
2344 1495 2549 1539 uteren-

1477 1583 1602 1634 tur!
1662 1577 2016 1631 Posteriorem
2036 1576 2168 1624 lianc
2192 1567 2444 1619 rationem
2468 1570 2547 1616 at·

1478 1661 1638 1726 tingit
1669 1666 1723 1712 et
1744 1656 2075 1718 Plutarchus,
2109 1656 2163 1704 in
2186 1655 2389 1707 Quaest.
2413 1650 2554 1701 Cen·

1480 1743 1582 1789 tur.
1604 1737 1757 1788 Rom.
1781 1741 1835 1785 et
1858 1735 1982 1784 alias
2005 1731 2250 1798 quasdam
2287 1728 2547 1794 adjungit,

1480 1831 1575 1866 cur
1593 1815 1787 1866 bullam
1814 1817 2080 1878 gestarent
2102 1809 2347 1860 nobilium
2368 1806 2479 1857 filii.

1544 1876 1831 1954 Succinctis]
1905 1887 2206 1939 Succinctas
2244 1889 2419 1934 vestes
2457 1883 2548 1934 lra-

1478 1968 1738 2031 bentibus,
1762 1981 1907 2017 more
1927 1963 2154 2015 militari.
2199 1962 2349 2011 Vett.
2371 1959 2547 2011 Gloss.

1476 2050 1493 2078 ‘
1517 2049 1721 2101 Gabino
1741 2046 1926 2096 habitu
1962 2041 2248 2108 cinctuque
2262 2039 2355 2090 Dii
2376 2038 2548 2089 Pena·

1477 2134 1559 2179 tes
1589 2125 1965 2183 formabantur,
1986 2119 2221 2173 obvoluti
2243 2124 2366 2183 toga
2387 2131 2548 2183 super

1472 2209 1738 2257 humerum
1759 2203 2039 2264 sinistrum,
2059 2201 2247 2250 dextro
2267 2194 2445 2246 nudo.’

1540 2285 1740 2334 Donata
1757 2279 2001 2347 pependit]
2031 2277 2238 2328 Bullam
2260 2274 2409 2324 simul
2427 2287 2545 2323 cum

1476 2368 1737 2430 praetexta
1762 2358 1989 2411 Laribus
2026 2350 2403 2407 consecrabant
2424 2352 2546 2403 ado-

1472 2448 1756 2507 lescente8‚
1786 2457 1903 2493 cum
1937 2444 2112 2501 togam
2149 2433 2349 2487 virilem
2379 2443 2547 2482 sume·

1472 2529 1624 2584 rent3
1657 2521 1792 2572 sicut
1822 2516 2011 2584 puellae
2045 2526 2208 2579 pupas
2239 2507 2434 2559 Veneri
2455 2506 2546 2557 do·

1471 2617 1599 2653 nare
1622 2598 1820 2650 solitae·
1857 2588 2288 2661 quemadmodum
2311 2586 2425 2652 jam
2455 2585 2546 2636 ob-

1472 2677 1678 2730 servavi
1718 2676 1937 2725 Sat.1r'.
1982 2674 2041 2720 et
2081 2666 2240 2717 docet
2276 2662 2430 2714 Alex.
2479 2660 2548 2716 ab

1473 2755 1630 2806 Alex.
1648 2769 1703 2804 v.
1725 2757 1805 2803 18.

1537 2837 1603 2883 32
1641 2832 1762 2880 Cum
1783 2825 1944 2878 blandi
1962 2820 2175 2886 comites]
2220 2778 2344 2870 Non
2372 2806 2547 2882 asperi

1471 2908 1755 2960 monitores
1798 2904 2038 2957 aderant
2077 2897 2314 2962 amplius,
2364 2894 2543 2960 quales

1470 2990 1705 3050 patruus,
1739 2986 1836 3031 aut
1870 2977 2213 3053 paedagogus,
2244 2970 2333 3038 qni
2376 2974 2548 3021 sumta

1469 3061 1609 3114 virili
1625 3066 1749 3125 toga
1767 3053 2150 3108 removebatur

1534 3135 1749 3198 Subura]
1822 3132 1930 3183 Ubi
1959 3126 2275 3179 meretrices
2319 3124 2546 3174 diversa-

1469 3213 1716 3281 bantur,'
1702 3227 1757 3262 ιιι
1773 3209 1987 3274 regione
2003 3219 2094 3256 seu
2114 3204 2229 3257 vico
2251 3199 2432 3253 infami
2446 3199 2545 3251 sub

1470 3293 1688 3358 antiqua
1708 3288 1861 3351 urbe,
1894 3285 2033 3357 unde
2062 3297 2287 3334 nomen:
2321 3278 2545 3329 vocaba-

1472 3377 1561 3421 tur
1576 3370 1633 3421 et
1663 3354 2035 3425 summoenium,
2068 3358 2217 3424 quasi
2247 3356 2343 3407 sub
2364 3353 2545 3405 moeni-

1472 3446 1591 3510 bus.
1624 3444 1761 3494 Vide
1779 3443 1902 3494 δην.
1925 3440 2032 3490 Sat.
2055 3450 2144 3488 ιιι.
2166 3450 2241 3485 vs.
2259 3439 2309 3484 5.

1497 3527 1600 3574 33
1634 3517 1863 3572 Permisit
1882 3516 2107 3583 sparsisse
2141 3511 2316 3577 oculos]
2366 3512 2543 3564 Quan-

1469 3599 1536 3652 do
1559 3599 1677 3651 mei
1689 3596 1833 3662 juris
1857 3593 2060 3657 factus,
2084 3590 2292 3642 nemine
2315 3589 2431 3654 jam
2456 3587 2544 3638 ob-

1467 3681 1708 3728 servante
1729 3687 1812 3723 me
1834 3676 1926 3721 aut
1944 3669 2251 3732 castigante,
2265 3665 2431 3716 libere
2451 3677 2544 3730 po·

1469 3761 1638 3807 teram
1662 3753 1715 3817 in
1737 3747 2070 3801 meretricum
2094 3743 2353 3797 domicilia
2375 3741 2543 3806 respi-

1469 3842 1624 3894 cere,
1633 3836 1688 3879 et
1710 3841 1806 3892 per
1835 3825 2079 3875 suburam
2114 3821 2311 3886 vagari.
2378 3817 2540 3870 Ovid.

1471 3908 1488 3938 ‘
1512 3906 1673 3959 Oculi
1687 3909 1811 3959 suut
1830 3903 1884 3952 in
1907 3915 2079 3952 amore
2099 3897 2290 3951 duces?
2322 3898 2541 3949 Terent.

1470 3983 1640 4036 Andr.
1675 3981 1799 4033 Act.
1832 3995 1872 4031 1.
1910 3979 2066 4031 Scen.
2106 3981 2153 4027 l.
2208 3976 2224 4003 ‘
2249 3975 2543 4039 Postquam

1470 4060 1696 4131 excessit
1734 4074 1802 4110 ex
1822 4055 2054 4123 ephebis,
2070 4052 2282 4104 liberius
2313 4044 2541 4100 vivendi

1470 4139 1575 4191 fnit
1595 4143 1833 4205 potestas
1845 4138 2086 4187 2--autea
2106 4144 2249 4194 vero,
2264 4133 2412 4193 astas,
2430 4120 2541 4177 mei

1471 4222 1575 4281 tus,
1595 4214 1843 4280 magister
1866 4207 2244 4277 prohibebant.

1538 4292 1783 4345 Candidus
1799 4287 1959 4352 umbo]
2001 4283 2299 4356 Tyronibus
2316 4260 2542 4333 dabatur

1469 4370 1684 4459 clypeus
1704 4378 1863 4438 purus
1883 4379 1978 4419 seu
1997 4374 2210 4428 vacuus,
2231 4358 2288 4412 id
2310 4363 2411 4425 est,
2425 4356 2537 4411 sine
