3084 4934
566 342 698 411 112

1352 361 1426 412 A.
1475 360 1723 412 ranan
1773 348 2043 413 rusco}

566 504 900 586 Fervebit,
923 501 1111 593 saepe
1136 507 1397 573 insulso
1422 507 1755 575 coenanda
1780 506 2094 594 Glyconi.

566 606 678 674 Tu
701 630 918 694 neque
951 611 1312 690 anhelanti,
1343 613 1650 696 coquitur
1679 611 1837 676 dum
1864 630 2096 678 massa
2124 610 2412 691 camino,

570 711 762 778 Folle
788 714 1038 797 premis
1064 719 1326 794 ventos;
1373 734 1495 779 nec
1526 717 1757 780 clauso
1784 734 2114 781 murmure
2144 732 2390 779 raucus

2691 613 2784 677 lo

570 813 827 881 Nescio
857 814 1018 901 quid
1047 821 1264 881 tecum
1292 837 1491 900 grave
1520 818 1879 883 cornicaris
1903 818 2122 902 inepte
2152 838 2171 900 ;

566 1020 1016 1086 mommo.
1086 1022 2197 1100 Rmspiritnmcampdm‘slabmifone,
2216 1023 2781 1085 Μαάαῖιιαίυίον-

566 1087 1006 1152 mettensium-r
1037 1088 2667 1156 mmmmudteimlsegunisneseioqfflgvmdu
2696 1104 2781 1145 mc

1556 1275 1785 1329 NOTAE.

568 1382 774 1449 percita
789 1384 926 1449 quod
941 1383 1280 1437 Philomelam
1299 1400 1526 1437 sororem
1544 1386 1635 1436 ille

568 1459 826 1511 vitiasset.
897 1460 1055 1512 Ovid.
1101 1464 1508 1529 Metamorphos.
1553 1478 1635 1517 vt.

559 1536 698 1588 rab.
721 1541 772 1588 7.

639 1614 754 1663 Olla
791 1613 1033 1681 nymoe]
1062 1617 1167 1670 Qui
1201 1633 1319 1669 suos
1349 1618 1463 1683 ipse
1496 1617 1636 1669 filios

569 1687 765 1741 inscius
787 1691 1016 1742 comedit
1052 1693 1106 1742 in
1145 1694 1249 1743 olla
1268 1702 1445 1745 coctos
1468 1702 1524 1745 et
1545 1710 1635 1759 ap·

570 1766 765 1830 positos
796 1768 850 1818 in
871 1768 1043 1819 cibum
1065 1769 1135 1820 ab
1156 1769 1322 1821 Atreo
1353 1770 1540 1836 fratre,
1562 1774 1638 1822 in·

570 1848 770 1894 cestum
801 1845 939 1895 illius
975 1860 1093 1895 cnm
1114 1848 1326 1912 Europa
1357 1863 1522 1899 uxore
1546 1864 1638 1900 sua

566 1921 884 1975 vindicante.
961 1924 1100 1974 Vide
1143 1927 1391 1975 Senecam
1432 1926 1637 1992 Tragic.

567 1996 623 2048 in
642 1998 889 2064 Thyeste‚

632 2080 669 2127 0
702 2076 949 2141 Fervebit]
976 2075 1247 2142 Allegoria
1263 2079 1329 2130 ab
1345 2081 1450 2131 olla
1465 2081 1517 2130 iu
1534 2096 1640 2146 qua

568 2150 812 2205 fervente
836 2156 978 2206 cocti
999 2162 1119 2205 sunt
1140 2154 1235 2207 filii
1253 2157 1406 2207 Terei
1428 2163 1485 2208 et
1503 2159 1639 2222 Thy-2

568 2235 731 2281 estoe:
766 2238 822 2282 et
843 2232 1026 2282 allusio
1047 2233 1112 2282 ad
1137 2235 1427 2297 Tragoediae
1447 2237 1638 2300 stylum

569 2306 887 2357 concitatum
910 2314 968 2359 et
990 2309 1367 2360 vehementem.

540 2376 552 2386 ‘
646 2381 910 2447 Coenmtda]
977 2384 1428 2449 Repraesentanda
1489 2402 1639 2439 coena

550 2458 724 2511 Terei
740 2468 797 2513 et
808 2462 1056 2527 Thyestae
1071 2466 1311 2528 proprios
1329 2464 1463 2519 filios
1480 2468 1637 2518 devo·

569 2540 810 2593 rautium.
877 2543 1029 2594 Quod
1046 2553 1216 2595 tamen
1235 2546 1288 2594 in
1303 2546 1474 2596 Scena
1488 2534 1637 2596 'exbi-

568 2616 683 2666 beri
705 2623 852 2668 vetat
873 2619 1125 2670 Horatius
1160 2620 1213 2669 in
1237 2623 1389 2684 Arte,
1421 2621 1497 2671 bis
1520 2637 1635 2672 ver·

567 2690 745 2743 sibus:
779 2694 796 2722 ‘
819 2695 940 2744 Non
960 2701 1134 2746 tamen
1157 2695 1301 2746 intus
1323 2697 1504 2762 Digna
1516 2699 1634 2762 geri

568 2783 775 2835 promes
789 2771 844 2820 in
861 2784 1089 2834 scenam,
1108 2775 1377 2840 multaque
1393 2775 1633 2825 tollesEx

567 2847 749 2911 oeulis,
769 2863 886 2913 quas
903 2863 1024 2899 mox
1040 2855 1220 2900 narret
1239 2848 1483 2900 facundia
1501 2866 1634 2914 prae·

569 2937 700 2975 sens.
766 2926 818 2975 N
822 2939 883 2974 ec
907 2940 1095 2989 pueros
1113 2940 1289 2976 coram
1309 2928 1503 2992 populo
1522 2929 1637 2977 Me-

568 2997 686 3050 daea
700 3000 961 3063 trucidet,
946 3017 960 3031 ·
994 3000 1106 3052 Aut
1122 3002 1343 3053 bumana
1364 3004 1534 3068 palam
1551 3019 1636 3055 co-

569 3082 699 3142 quat
736 3084 861 3128 exta
892 3077 1123 3130 nefarius
1161 3079 1392 3144 Atreus3
1433 3078 1545 3130 Aut
1581 3080 1634 3130 in

569 3165 718 3204 avem
741 3154 948 3218 Progne
973 3156 1243 3218 vertatur?
1276 3160 1402 3208 &cs
1500 3193 1511 3202 ,

637 3230 868 3295 Glyconi]
906 3232 1071 3281 Fatuo
1091 3233 1366 3298 Tragoedo,
1397 3196 1634 3325 tempore

570 3303 816 3368 Neronis,
849 3307 936 3370 qui
968 3309 1094 3359 trita
1115 3318 1423 3373 argumenta
1440 3313 1654 3376 saepiuse

569 3381 636 3431 ad
658 3396 901 3432 nauseam
925 3391 1216 3447 reponeret.
1277 3387 1364 3436 De
1385 3387 1634 3439 similibus

568 3458 978 3525 Martial.,Epig.
1002 3474 1059 3511 x.
1074 3466 1121 3514 4.
1177 3465 1194 3492 ‘
1215 3464 1315 3515 Qui
1333 3465 1465 3529 legis
1487 3466 1637 3517 OEdi·

568 3537 778 3602 podem,
794 3538 1209 3606 caligantemque
1220 3542 1506 3607 Thyesten,
1519 3544 1636 3594 Col-

568 3614 763 3679 chidas,
785 3621 838 3663 et
861 3615 1055 3680 Scyllas
1074 3631 1090 3677 ς
1126 3616 1253 3681 quid
1273 3618 1372 3667 nisi
1407 3627 1637 3672 monstra

567 3691 750 3758 legis?
794 3697 894 3744 διο.
1002 3694 1144 3745 Hinc
1193 3688 1418 3745 inausum
1482 3704 1637 3748 vocat

568 3767 807 3833 Persius,
866 3775 927 3820 ut
970 3771 1045 3820 ait
1098 3777 1248 3822 vetus
1301 3771 1636 3838 scholiastes,

568 3846 587 3874 ‘
610 3853 726 3896 erat
744 3846 880 3897 enim
902 3846 990 3897 ille
1014 3849 1220 3899 nescius
1232 3849 1406 3914 jocari
1425 3867 1457 3899 ει
1473 3865 1636 3916 quan-

568 3934 725 3986 quam
745 3925 941 3989 populo
970 3926 1099 3976 mire
1128 3926 1348 3991 placuit,
1369 3934 1427 3978 et
1460 3928 1580 3979 ideo
1603 3944 1635 3980 a

568 3997 780 4050 Nerone
812 4002 1150 4052 manumissus
1173 4002 1286 4066 est,'
1318 4006 1417 4054 διο.

632 4080 698 4126 10
734 4076 1241 4142 haequeunleelmui,
1264 4079 1368 4143 εμπ]
1400 4081 1635 4146 Tamag-

568 4164 636 4202 uo
657 4148 847 4203 conatu
869 4168 1047 4204 versus
1067 4155 1369 4218 magnificos
1390 4171 1494 4207 non
1516 4174 1635 4222 pro-

569 4227 695 4295 fers,
716 4242 901 4295 nanno
939 4230 1191 4297 anhelitu,
1214 4238 1270 4283 et
1306 4234 1634 4298 pulmonibus

1699 2870 1760 2906 ἰε
1787 2855 1932 2907 satir.
1949 2859 2002 2907 4.

1714 1385 2083 1437 laborantibus.
2151 1386 2268 1438 Nec
2288 1387 2365 1438 ita
2382 1385 2569 1437 scribis
2593 1392 2688 1448 aut
2707 1384 2781 1436 lo-

1715 1464 1908 1527 queris,
1924 1469 1982 1513 ut
1998 1463 2149 1514 folles
2162 1461 2342 1513 inflare
2357 1461 2607 1513 videaris:
2630 1460 2782 1512 adeo-
2822 1496 2831 1506 .

1611 1564 1619 1580 ι
1716 1555 1817 1605 que
1852 1541 1916 1591 ab
1955 1541 2146 1604 ineptis
2186 1540 2339 1604 hujus
2382 1538 2561 1590 saeculi
2597 1537 2780 1588 Poetis

1716 1617 1988 1671 ambitiose
2031 1616 2377 1667 recitantibus
2432 1630 2587 1681 quam
2627 1615 2779 1680 longe

1716 1696 1871 1746 abes!

1784 1773 2018 1837 Coqnitar
2036 1774 2147 1822 dun
2173 1785 2326 1831 massa
2356 1768 2559 1834 cantino]
2591 1769 2657 1819 In
2678 1767 2808 1819 for--

1717 1861 1856 1901 uace,
1886 1848 2091 1899 ardenti
2109 1874 2116 1883 ·
2134 1847 2399 1898 metallum
2420 1863 2435 1909 3
2490 1847 2567 1897 sic
2611 1845 2779 1897 animo

1715 1927 1855 1976 inter
1894 1925 2250 1976 meditandum
2293 1923 2619 1975 fervescente
2673 1937 2782 1975 car·

1717 2018 1840 2053 men
1858 2002 2090 2068 fingitur.

1784 2088 1847 2134 u
1868 2082 2446 2148 Aakelntifollepremis
2462 2079 2647 2145 centu]
2710 2077 2780 2128 A·

1717 2160 1860 2211 erem
1879 2158 2089 2211 follibus
2109 2160 2366 2213 inclusum
2392 2164 2450 2209 et
2470 2157 2779 2208 stridentem

1717 2238 1992 2302 exagitant
2023 2235 2160 2287 fabri
2198 2237 2266 2286 ad
2285 2234 2564 2286 fornacem
2601 2246 2783 2284 accen·

1717 2314 1965 2365 ciendam:
2001 2314 2260 2379 ingenium
2276 2319 2451 2364 autem
2468 2310 2782 2374 meditando,

1716 2405 1778 2442 ac
1822 2390 2084 2455 fingendo,
2125 2403 2299 2441 secum
2337 2389 2584 2440 luctando
2622 2399 2782 2452 saepe,

1717 2474 1775 2519 et
1810 2468 1865 2519 in
1902 2480 2079 2518 omnes
2103 2473 2278 2533 partes
2300 2465 2572 2526 vertendo,
2594 2465 2779 2516 Poe’tae

1716 2544 2057 2596 discruciant:
2103 2544 2374 2609 pulmones
2391 2543 2521 2593 item
2539 2542 2782 2607 fatiganss

1713 2625 1983 2676 recitando
2005 2638 2212 2677 carmen
2235 2623 2526 2690 praesertim
2545 2621 2782 2673 inflatum

1713 2707 1771 2752 et
1792 2701 2075 2767 turgidum,
2096 2704 2249 2768 quale
2269 2703 2352 2752 hic
2372 2702 2585 2753 Persius
2607 2708 2786 2766 repre:
2797 2722 2804 2733 -

1712 2778 1915 2841 itendit,
1936 2779 2166 2830 imitatus
2188 2794 2375 2843 nempe
2391 2778 2668 2829 Horatium
2691 2778 2782 2828 lib.

2066 2856 2083 2883 ‘
2101 2856 2175 2905 At
2198 2862 2257 2905 tu
2279 2855 2547 2906 conclusas
2566 2854 2782 2905 hircinis

1714 2932 1924 2984 follibus
1958 2946 2109 2983 auras
2130 2932 2311 2997 Usque
2342 2931 2641 2983 laborantes
2661 2931 2783 2983 dum

1714 3009 1926 3060 farrum·
1946 3010 2143 3061 molliat
2173 3009 2342 3074 ignis‚·
2365 3009 2439 3059 Ut
2475 3009 2639 3060 mavis
2669 3008 2783 3058 imi·

1713 3086 1860 3137 tare?
1924 3086 2197 3138 Juvenalis
2229 3090 2405 3135 autem
2439 3084 2533 3134 bos
2573 3090 2785 3135 secutus

1716 3161 1785 3211 de
1819 3160 2105 3212 causidicis
2127 3161 2220 3221 ait,
2256 3160 2398 3211 satir.
2433 3173 2537 3211 vu.
2601 3159 2782 3210 ‘'l'unc

1714 3239 1963 3289 immensa
1972 3237 2089 3287 cavi
2100 3237 2301 3300 spirant
2314 3236 2584 3287 mendacia
2596 3233 2766 3286 folles.
2765 3234 2783 3259 '

1714 3316 1787 3364 Et
1807 3313 2098 3364 Martialis.
2145 3312 2232 3363 ‘A
2257 3313 2448 3363 nostris
2484 3312 2668 3400 procul
2700 3316 2783 3362 est

1714 3391 1879 3441 omnis
1898 3391 2069 3441 vesica
2085 3389 2294 3453 libellis,
2315 3391 2470 3440 Musa
2483 3403 2583 3439 nec
2597 3388 2783 3470 insano

1715 3473 1942 3533 syrmate
1964 3474 2145 3518 nostra
2167 3466 2366 3518 tumet!

1739 3548 1865 3596 ···12
1870 3543 2040 3595 Nescio
2055 3544 2168 3607 qaid
2177 3541 2353 3606 ηοω]
2399 3543 2626 3593 Carmen
2643 3540 2783 3607 quod

1715 3622 1809 3673 tibi
1823 3623 2026 3687 placeat
2039 3622 2153 3686 soli,
2164 3635 2508 3686 magnamque
2522 3618 2784 3671 videatur.

1737 3697 2081 3762 emicans]
2110 3697 2228 3748 Nec
2245 3704 2322 3762 tu,
2336 3711 2480 3748 more
2498 3699 2780 3759 cornicum,

1716 3788 1870 3826 voces
1904 3776 2101 3825 emittis
2136 3788 2168 3824 e
2191 3780 2423 3838 gutture,
2441 3787 2782 3838 compressas,

1713 3853 2011 3917 impeditas,
2049 3851 2417 3917 strangulatas,
2449 3852 2627 3915 palato
2662 3867 2780 3916 sup-

1714 3932 1995 3995 plantatas,
2013 3929 2081 3979 de
2097 3928 2284 3994 quibus
2305 3926 2419 3980 fuse
2441 3929 2588 3978 satir.
2604 3943 2643 3980 1.
2684 3930 2778 3980 Lo-

1715 4021 1835 4057 cum
1869 4007 2006 4057 bunc
2035 4005 2266 4072 respexit
2309 4006 2383 4058 D.
2411 4005 2633 4070 Hieron.
2659 4021 2777 4057 cum

1714 4083 1788 4133 ait
1810 4097 1895 4148 ep.
1914 4094 1994 4133 tv.
2058 4084 2075 4113 ¹
2088 4083 2195 4134 Alii
2220 4083 2360 4134 intra
2376 4097 2434 4134 se
2455 4083 2639 4134 nescio
2654 4082 2774 4149 quid

1712 4160 2044 4211 cornicantes
2067 4160 2324 4211 tumentia
2344 4158 2505 4214 rerba
2524 4159 2773 4213 trutinam

1714 4235 1836 4300 tiu-f
1860 4240 1960 4287 &c-
