3084 4934
1246 421 1533 476 amus.
1585 422 1684 476 vr.
1758 469 1774 477 -
2414 411 2560 510 §1278

350 568 679 639 Doctores
711 573 1001 642 Graios:
1043 580 1069 614 ‘
1093 568 1205 641 Ita
1230 576 1323 656 fit,
1355 584 1714 663 postquam
1753 595 1994 663 sapere
2013 576 2189 645 Urbi
2383 631 2390 638 .

343 667 515 739 cum
542 677 772 760 pipere
798 684 865 744 et
883 679 1135 763 palmis
1164 681 1346 745 venit
1373 688 1672 747 vestrum
1699 683 1828 748 hoc
1856 685 2059 752 maris
2087 702 2370 770 expers:

331 776 716 847 ‘Foenisecae
747 801 973 847 crasso
1002 783 1321 850 vitiarunt
1348 788 1638 869 unguine
1667 784 1928 872 1m1tes,²
2467 789 2556 855 40

338 972 480 1026 m?
524 977 741 1044 inquiet.
810 982 881 1032 132
916 983 1116 1038 Bestius
1147 986 1411 1036 insectatur
1444 991 1758 1052 proeceptores
1794 987 2017 1038 (ἔται-σεε
2063 987 2136 1038 sie
2168 989 2352 1056 agitur,
2386 1002 2448 1038 ex
2464 1003 2554 1054 qm

336 1045 502 1091 nostru
522 1043 627 1093 hoee
641 1048 876 1111 supientia
913 1065 1077 1099 carens
1113 1053 1316 1101 musculo
1349 1052 1537 1102 robore
1577 1053 1769 1103 aduenit
1803 1054 1853 1102 in
1876 1054 2136 1115 civitdem,
2176 1069 2282 1103 cum
2309 1055 2476 1118 pipere
2505 1058 2555 1103 et

329 1107 518 1173 palmis,
538 1116 736 1161 sectores
742 1111 868 1173 soeni
888 1111 1151 1175 infecerunt
1170 1118 1329 1180 pultes
1361 1123 1562 1168 unctura
1579 1119 1771 1183 pingui.
1837 1119 1924 1169 An
1946 1120 2041 1168 isto
2064 1118 2297 1179 formides
2314 1134 2432 1169 cum
2453 1119 2560 1169 eris

1268 1256 1297 1274 0
1303 1257 1326 1276 0
1332 1257 1444 1276 0000
1450 1256 1627 1277 000000

335 1362 402 1409 39
433 1365 643 1412 nostrum
660 1363 747 1414 1⁸00
769 1365 905 1415 Edd.
928 1369 1067 1433 vulg.
1101 1370 1186 1419 Ιιυσ
1209 1376 1422 1421 nostrum
1443 1371 1547 1421 Με.
1574 1371 1695 1422 Gal.
1763 1372 1959 1423 Omnes
1994 1371 2285 1431 Editiones,
2307 1388 2433 1438 quas
2457 1388 2555 1439 ego

333 1424 541 1489 inspexi
559 1428 754 1478 babent
775 1436 983 1482 nostrum
1004 1435 1090 1496 hm:
1111 1437 1263 1485 mar-is
1284 1451 1482 1500 expers;
1515 1443 1573 1487 et
1594 1438 1716 1486 inde
1739 1446 1866 1487 nata
1887 1445 1970 1487 est.
1991 1435 2289 1498 difficultaS,
2308 1438 2373 1487 ad
2398 1454 2554 1504 quam

337 1490 619 1540 tollendam
662 1494 897 1560 plerique
932 1499 1246 1563 interpretes
1296 1501 1643 1566 nequicquam
1682 1503 1949 1553 sudarunt.
2019 1503 2174 1552 Haud
2199 1503 2325 1565 scio,
2347 1518 2412 1553 an
2435 1503 2556 1554 Rei-

335 1554 444 1606 zins
467 1556 597 1606 banc
616 1558 893 1611 lectionem
914 1569 1121 1614 vestrum
1156 1566 1364 1630 ingenio
1404 1582 1496 1616 suo
1537 1567 1758 1629 debeat3
1809 1577 1863 1617 at
1901 1565 2254 1634 unusquisque
2276 1568 2553 1644 intelligat,

335 1620 432 1668 hac
455 1621 680 1672 lectione
704 1634 934 1692 recepta,
954 1626 1238 1680 faciliorem
1264 1646 1380 1684 esse
1399 1633 1911 1746 interpretationem:
1946 1638 2148 1684 vestrum
2170 1635 2254 1684 hoc
2269 1647 2431 1697 sapere
2454 1649 2487 1684 1.
2506 1648 2556 1686 e.

333 1691 513 1736 vestra
546 1689 822 1751 sapientia.
889 1694 1037 1743 Bene
1076 1702 1255 1746 noster
1279 1711 1399 1746 usus
1425 1704 1505 1747 est
1581 1713 1641 1747 oc
1679 1713 1863 1763 sapere,
1885 1714 2001 1748 cum
2025 1713 2214 1760 anceps
2238 1699 2351 1766 e'us
2377 1701 2475 1764 viS‚
2499 1705 2556 1751 et

333 1758 567 1819 potestas
590 1753 687 1803 hoc
724 1755 838 1806 loco
874 1760 1214 1824 vehementer
1247 1768 1373 1828 apta
1394 1763 1479 1812 sit.
1547 1763 1957 1825 Koenigius.-—40
1991 1761 2216 1814 Foeniciae
2300 1780 2340 1813 s.
2366 1763 2555 1814 Gal.—-·-

1333 1893 1546 1945 NOTAE

396 1977 594 2028 Bestius
605 1985 750 2043 urget
772 1983 1004 2035 Doctores
1027 1987 1225 2051 Graios]
1280 1989 1406 2039 Hrc-

331 2054 574 2119 redipeta
615 2058 704 2108 ille
746 2061 929 2112 avidus
982 2073 1193 2114 accusat
1234 2066 1405 2117 Philo·

328 2133 541 2195 sophos,
572 2135 662 2199 qui
698 2135 1069 2190 liberalitatem
1111 2148 1166 2191 et
1210 2142 1407 2192 munifi-

330 2207 557 2257 centiam
580 2213 1000 2265 commeudantes
1020 2231 1082 2266 ac
1106 2218 1406 2283 suadentes,

300 2279 303 2282 ’
330 2282 387 2336 in
407 2297 564 2334 causa
597 2293 717 2336 sunt
751 2302 846 2337 cur
877 2292 1078 2342 minora
1113 2294 1405 2346 haeredibus

329 2359 707 2425 relinquantur.

392 2440 459 2486 88
491 2438 725 2489 Doctores
771 2441 970 2510 Graios]
1016 2445 1234 2499 Graeeos
1276 2451 1403 2515 poni

329 2527 426 2577 pro
451 2514 802 2581 Philosophis,
830 2521 942 2585 jam
974 2524 1198 2576 diximus
1219 2528 1328 2578 Sat.
1363 2543 1401 2580 1.

329 2594 386 2639 et
418 2603 472 2640 v.
510 2606 663 2642 versu
701 2595 902 2647 ultimo.
972 2600 1077 2650 Hic
1113 2616 1242 2653 vero
1282 2619 1401 2655 cum

325 2665 440 2736 aliis
487 2669 796 2733 quibusdam
850 2675 1084 2741 intelligo
1143 2680 1401 2731 Romanos

324 2742 573 2794 Graecam
595 2745 975 2815 Philosophiam
998 2760 1276 2808 sectantes.

395 2821 480 2871 Ita
502 2823 595 2889 fit,
613 2831 877 2896 postquam,
913 2829 1020 2894 δῖα]
1074 2832 1161 2883 Sic
1205 2835 1403 2885 vivitur

323 2900 490 2962 laute,
534 2907 590 2950 et
630 2902 685 2951 in
723 2905 889 2969 epulis
931 2920 993 2956 ac
1049 2910 1402 2962 munificentia

322 2989 452 3041 opes
474 2987 864 3046 consumuntur,
884 2998 950 3032 ex
973 2999 1075 3048 quo
1106 2985 1299 3036 Graeca
1322 3002 1401 3037 san

312 3051 529 3117 pientia
558 3055 773 3110 Romam
815 3060 957 3110 venit
990 3076 1106 3110 cum
1142 3064 1400 3114 mercibus

322 3131 616 3196 peregrinis
637 3140 692 3182 et
717 3131 1086 3188 transmarinis.
1134 3138 1184 3188 Ο
1200 3156 1397 3192 morem

323 3219 513 3256 novum
541 3208 696 3271 juxta
718 3226 779 3260 ac
813 3214 1191 3276 perniciosum!
1227 3219 1397 3284 inquit

310 3283 415 3333 'ille
450 3285 678 3337 Bestius.
734 3289 871 3340 Vide
913 3293 1156 3345 Lactant.
1196 3310 1285 3345 ιη.
1317 3301 1396 3348 16.

319 3361 413 3437 ubi
437 3365 741 3436 sapientiam
768 3371 911 3433 quasi
934 3386 1100 3438 nuper
1124 3376 1397 3430 advectam

308 3452 442 3488 cum
465 3442 666 3505 saporis
690 3447 944 3497 mercibus
962 3452 1225 3515 proponit,
1247 3454 1399 3503 citat-

304 3530 427 3588 ·que
455 3517 625 3596 locum
648 3521 783 3571 hunc
821 3523 1010 3588 Persii,
1031 3527 1157 3575 item
1178 3529 1395 3580 Senecae

319 3594 486 3644 verba
535 3597 680 3659 haec;
738 3602 1025 3653 ‘Nondum
1084 3613 1206 3658 sunt
1256 3609 1397 3658 mille

306 3672 463 3735 anni,
509 3688 576 3722 ex
620 3690 724 3740 quo
769 3677 917 3728 initia
958 3682 1231 3745 sapientiae
1271 3691 1398 3735 nata

320 3749 479 3799 sunt?
512 3751 585 3800 Et
607 3751 908 3804 Lucretium
933 3768 1222 3824 canentem,
1256 3765 1271 3789 ‘
1289 3764 1398 3813 De-

319 3825 478 3891 nique
501 3838 689 3878 natura
709 3830 823 3881 haec
850 3847 1040 3900 rerum,
1063 3838 1297 3903 ratioque
1321 3854 1398 3888 re·

317 3908 473 3966 perta
512 3911 596 3954 est
654 3907 854 3972 Nuper,
898 3917 956 3961 et
995 3913 1126 3962 hanc
1173 3916 1395 3979 primurn

320 3992 440 4029 cum
480 3981 659 4044 primis
697 3984 809 4046 ipse
848 3996 1084 4049 repertus
1117 3991 1273 4042 Nunc
1297 4006 1395 4062 ego

320 4069 452 4106 sum·
478 4059 533 4107 in
576 4061 773 4126 patrias
819 4063 909 4126 qui
947 4078 1153 4127 possum
1191 4075 1396 4119 vertere

316 4135 514 4185 voces!

361 4212 586 4301 capere]
642 4217 730 4269 Sic
769 4219 880 4269 Sat.
927 4233 969 4270 1.
1006 4222 1237 4273 Nostrum
1276 4223 1396 4273 illud

321 4304 480 4341 vivere
501 4292 656 4342 triste.

1558 1991 1702 2056 Urbi]
1744 1992 1851 2043 Per
1875 1995 2292 2060 antonomasiam,
2323 2011 2417 2060 pro
2454 1997 2556 2047 Ro.

1483 2083 1585 2117 ma.

1549 2150 1617 2195 39
1652 2147 1772 2195 Cum
1787 2135 2019 2215 piperefet
2029 2147 2203 2211 palmis
2219 2146 2370 2211 venit]
2416 2140 2558 2198 Vide

1486 2222 1635 2273 Pers.
1657 2223 1765 2272 Sat.
1790 2236 1843 2272 ν.
1866 2238 1941 2273 vs.
1980 2227 2089 2274 136.
2113 2229 2168 2272 et
2191 2223 2327 2273 Plin.
2352 2237 2444 2273 xv.
2469 2227 2552 2274 29.

1478 2287 1571 2350 ulii
1593 2300 1683 2361 ait,
1708 2307 1984 2365 antequam
2021 2301 2172 2365 piper
2211 2302 2555 2365 reperiretur,

1482 2376 1670 2426 baccas
1694 2377 1747 2425 in
1782 2392 1878 2427 usu
1916 2375 2097 2441 fuisse,
2120 2378 2361 2442 illiusque
2384 2379 2555 2428 vicem

1482 2452 1787 2503 obtinuisse.
1878 2454 2082 2518 Palmis,
2125 2469 2217 2505 seu
2260 2454 2558 2519 arboribus,

1482 2544 1576 2579 seu
1598 2543 1774 2579 earum
1806 2529 2083 2595 fructibus,
2120 2534 2209 2598 qui
2247 2532 2443 2598 dactyii
2465 2548 2555 2584 vo-

1481 2614 1686 2657 cantur.
1753 2608 1887 2659 Vide
1910 2610 2048 2660 Plin.
2072 2623 2198 2662 xm.
2217 2616 2267 2662 4.
2303 2611 2424 2663 Juv.
2448 2611 2556 2663 Sat.

1480 2698 1567 2735 ιιι.
1592 2700 1668 2735 νε.
1698 2689 1781 2735 83.
1837 2685 1856 2714 ‘
1877 2686 2148 2737 Advectus
2193 2689 2411 2738 Romam
2448 2704 2556 2754 quo

1480 2773 1651 2824 pruna
1671 2767 1726 2811 et
1743 2767 1965 2812 coetona
1986 2768 2180 2814 vento!

1556 2839 1773 2889 Vestrum
1816 2842 1903 2890 Ιιοσ
1944 2843 2092 2891 muris
2132 2842 2323 2907 expers]
2399 2843 2554 2907 Saepe

1484 2915 1678 2979 legitur
1698 2921 1928 2978 nostrum.
1979 2919 2148 2968 Locus
2164 2919 2445 2969 etiamnum
2465 2920 2555 2969 ob-

1479 3005 1681 3055 scurus,
1697 2993 1923 3042 necdum
1943 2994 2070 3043 satis
2092 2994 2406 3060 explicatus,
2431 3001 2555 3061 post

1481 3073 1562 3118 tot
1599 3069 1866 3119 doctorum
1909 3072 2269 3135 Interpretum
2313 3073 2555 3123 lucubra-

1478 3146 1665 3197 tioneS.
1734 3148 1962 3199 Quidam
1980 3149 2053 3199 sic
2076 3148 2406 3213 intelligunt;
2438 3165 2554 3200 nos-

1480 3234 1578 3285 tra,
1602 3225 1656 3274 id
1694 3232 1791 3289 est,
1831 3226 2182 3276 Romanorum
2215 3226 2556 3291 Philosophia

1480 3316 1511 3349 a
1535 3300 1739 3353 Graecis
1764 3302 1989 3365 invecta,
2010 3302 2158 3352 maris
2172 3317 2355 3368 expers,
2372 3302 2426 3351 id
2450 3308 2555 3368 est,

1479 3379 1620 3443 salis,
1644 3395 1735 3430 seu
1760 3381 1869 3430 sine
1888 3384 2014 3445 sale,
2038 3383 2136 3432 boc
2156 3389 2259 3445 est,
2281 3382 2475 3433 insulsa
2496 3389 2554 3433 et

1477 3462 1741 3520 corrupta.
1810 3459 2146 3509 Casaubonus
2186 3465 2359 3510 tamen
2391 3458 2557 3524 expli-

1480 3540 1594 3594 cat;
1647 3533 1797 3584 mart}
1839 3549 2025 3599 caper-s,
2069 3536 2122 3584 id
2167 3544 2267 3597 est,
2307 3529 2551 3584 mascnlae

1479 3610 1686 3660 virtutis
1720 3613 1972 3676 majorum
2007 3620 2302 3663 nostrorum
2342 3626 2552 3676 expers.

1478 3684 1633 3750 Aliis,
1653 3689 1802 3737 maris
1832 3704 2017 3753 expers,
2040 3695 2123 3739 est
2144 3704 2261 3753 quae
2284 3702 2426 3737 mare
2450 3700 2552 3737 non

1479 3764 1760 3828 transierit,
1784 3765 1872 3813 sed
1897 3766 2103 3814 minime
2129 3767 2319 3827 placet.

1544 3844 1609 3888 40
1643 3841 1896 3890 Foenisecoe
1916 3856 2069 3891 crasso
2085 3841 2321 3890 vitiarunt
2343 3839 2553 3902 anguine

1469 3916 1652 3979 pultes]
1702 3917 1785 3964 Ex
1807 3931 1869 3966 eo
1887 3925 2123 3981 tempore
2147 3917 2277 3965 adeo
2301 3923 2421 3965 sunt
2443 3929 2551 3967 om-

1475 3992 1561 4041 nia
1582 3992 1890 4057 depravata,
1909 4000 1968 4043 ut
2003 3994 2208 4044 viliores
2232 3995 2425 4057 quique
2446 4005 2553 4042 rus-

1478 4069 1591 4131 tici,
1627 4071 1802 4136 quales
1841 4078 1962 4140 sunt
2002 4072 2091 4135 qui
2132 4070 2325 4119 foenum
2348 4074 2550 4129 secant,

1477 4146 1709 4195 lautitias
1733 4147 2083 4212 quaesiverint.
2150 4139 2290 4196 Hinc
2314 4146 2549 4197 ciborum

1475 4223 1862 4287 simplicitatem
1896 4226 2082 4276 additis
2113 4224 2458 4275 condimentis
2477 4223 2550 4272 vi-

1475 4299 1681 4365 tiarunt,
1706 4308 1764 4351 et
1784 4304 1930 4368 quasi
1964 4303 2245 4368 violarunt,
2278 4308 2436 4367 atque
2455 4299 2547 4352 ad-
