3084 4934
1154 415 1197 456 1‘
1290 414 1574 473 sArraA
1627 417 1727 474 vt.
1803 407 1830 458 f·

2468 397 2601 474 165

384 566 609 654 Atque
636 581 884 636 marem
913 572 1260 653 strepitum
1288 569 1442 634 fidis
1469 568 1828 633 intendisse
1853 563 2160 666 Latinae3

385 669 562 736 Mox
581 672 863 756 juvenes
892 673 1138 756 agitare
1158 671 1380 755 jocOS,
1409 677 1476 736 et
1503 661 1752 755 pollice
1780 670 2057 734 honesto
2552 666 2600 729 5

383 772 710 861 Egregius
737 777 976 841 lusisse
1006 776 1228 840 senes!
1315 774 1491 839 Mihi
1517 794 1691 839 nunc
1722 772 1931 856 Ligus
1960 792 2080 837 ora

381 967 508 1034 cipio
526 972 825 1037 antiquorum
858 974 1200 1038 uocabulorum,
1222 980 1271 1025 et
1305 977 1560 1025 masculum
1586 976 1790 1025 sonitum
1811 974 2002 1024 Latinae
2024 973 2239 1031 chordoe5
2269 972 2437 1022 deinde
2456 984 2598 1034 agere

379 1038 514 1088 ludos
530 1038 775 1106 juvenum,
795 1044 844 1089 et
864 1055 1031 1091 canere
1052 1056 1182 1092 senes
1204 1041 1412 1092 illustres
1431 1042 1589 1103 dig-ito
1612 1042 1791 1092 decoro.
1856 1039 1990 1090 Mihi
2010 1052 2136 1090 vero
2155 1038 2264 1100 jam
2281 1038 2482 1103 tepescit
2514 1052 2596 1087 ex-

1313 1161 1636 1183 O‘OONO‘OOO
1641 1161 1671 1182 O

380 1251 490 1287 vum
511 1238 613 1290 Ms.
636 1238 807 1291 R.-5
841 1247 1007 1306 aptare
1027 1243 1131 1293 Ms.
1156 1242 1379 1293 θαι-6
1412 1242 1652 1305 Egregios
1684 1242 1819 1293 Edd.
1844 1242 1982 1307 vulg.

1380 1376 1593 1427 NOTAE

385 1463 578 1530 qnippe
612 1481 730 1534 quae
752 1475 875 1522 ante
896 1484 1102 1535 prosam
1127 1488 1159 1523 a
1178 1474 1455 1538 scriptori·

388 1542 485 1596 hus
507 1552 757 1610 usurpata
777 1546 950 1599 fuerit.
984 1551 1066 1599 Ex
1089 1550 1227 1602 Plin.
1246 1565 1348 1601 vu.
1371 1555 1454 1601 56.

387 1625 445 1669 et
468 1620 655 1688 Horat.
696 1624 763 1678 ad
786 1625 1024 1692 Pisones,
1062 1628 1149 1693 qui
1179 1628 1270 1692 ait,
1300 1629 1455 1678 ‘Fuit

381 1699 497 1750 haec
518 1701 778 1766 sapientia
799 1706 1076 1770 quondam,
1105 1707 1328 1757 Publica
1350 1707 1455 1771 pri-

382 1775 516 1825 vatis
540 1792 834 1842 secernere,
852 1796 1000 1832 sacra
1018 1781 1456 1847 profanis.--Dic-

383 1859 456 1904 tae
478 1869 576 1918 per
596 1857 825 1908 carmina
847 1865 1044 1921 sortes3
1080 1861 1151 1910 Et
1173 1861 1296 1910 vitae
1314 1876 1454 1910 mon-

383 1936 551 1981 strata
585 1931 669 1982 via
692 1934 809 1997 est,’
849 1938 947 1986 &c.
1013 1936 1211 2006 Verum·
1232 1942 1455 2001 utraque

383 2007 501 2057 haec
525 2008 900 2073 interpretatio
931 2011 1087 2076 longe
1126 2013 1292 2076 petita
1317 2012 1455 2072 vide-

383 2088 489 2135 tur.
559 2085 738 2136 Malim
778 2088 938 2152 igitur
975 2104 1088 2139 cum
1132 2090 1457 2156 casaubono,

387 2156 444 2210 et
468 2153 580 2212 aliis
604 2164 928 2230 quibusdam,
963 2164 1205 2230 θεογονίαν
1242 2175 1296 2219 et
1325 2173 1456 2229 μυθι-

385 2237 579 2304 σὴορίαν
609 2241 920 2307 intelligere,
952 2258 1049 2309 per
1068 2249 1276 2295 veterum
1296 2261 1457 2295 rerum

378 2314 662 2376 primordia.
1171 2373 1175 2377 .

396 2387 399 2392 ⁴
451 2397 484 2443 4
515 2394 677 2458 Atque
696 2411 873 2446 marem
892 2398 1160 2464 strepitum,
1194 2398 1301 2463 mn]
1367 2400 1458 2450 So-

386 2469 490 2520 lers
511 2471 745 2523 scribere
765 2471 907 2525 forte
930 2483 985 2527 et
1008 2490 1310 2540 generosum
1335 2479 1459 2528 Car·

387 2559 506 2595 men
549 2548 816 2614 Lyricum,
856 2550 921 2600 de
960 2567 1064 2617 quo
1103 2552 1354 2602 Horatius
1392 2554 1459 2603 ad

385 2623 639 2682 Pisones}
673 2627 690 2655 ⁴
708 2629 868 2679 Musa
890 2630 1037 2679 dedit
1059 2630 1248 2681 fidibus
1271 2632 1457 2696 Divos,

388 2715 681 2768 puerosque
703 2706 959 2769 Deorum,
999 2710 1069 2758 Et
1105 2710 1333 2776 pugilem
1356 2710 1459 2761 vic-

387 2780 573 2843 torem,
612 2787 666 2831 et
688 2797 876 2848 equum
901 2787 1185 2835 certamine
1219 2787 1460 2852 primum,

391 2854 460 2905 Et
485 2856 736 2920 juvenum
760 2874 931 2923 curas,
954 2868 1010 2912 et
1047 2863 1212 2913 libera
1239 2866 1356 2914 vina
1379 2880 1459 2915 re·

389 2928 562 2997 ferr-eff
628 2935 698 2985 Et
721 2934 828 2985 Od.
854 2941 936 2986 13.
960 2937 998 2986 l.
1031 2952 1095 2987 11.
1133 2940 1207 2990 ait
1226 2939 1459 2991 Alcaeum

386 3008 570 3067 plenius
596 3025 739 3061 aureo
771 3012 994 3064 cecinisse
1018 3015 1201 3076 plectro
1237 3016 1356 3064 dura
1375 3031 1460 3068 πα-

395 3082 483 3147 cis,
504 3085 779 3151 durafugoe
796 3091 941 3152 mala,
961 3092 1083 3139 dura
1104 3090 1232 3142 beni.

392 3165 397 3172 ‘
457 3160 673 3226 Marem]
739 3165 824 3214 Sic
849 3166 1103 3218 Horatius
1126 3168 1191 3217 ad
1213 3168 1460 3222 Pisones:

389 3235 406 3263 ‘
424 3237 558 3289 Post
579 3240 715 3290 hunc
737 3242 948 3308 insignis
970 3244 1230 3296 Homerus
1253 3246 1462 3311 Tyrtae·

393 3326 557 3381 usque
595 3331 762 3367 mares
794 3318 990 3369 animos
1028 3321 1082 3370 in
1114 3321 1308 3371 Martia
1329 3322 1466 3373 b'ella

390 3391 636 3443 Versibus
653 3395 894 3446 exacuit?

459 3469 604 3519 Fidis
623 3471 880 3522 intendisse
896 3471 1108 3539 Letinoe]
1142 3473 1299 3541 Apud
1319 3476 1466 3527 Grae-

392 3543 484 3595 'cos
520 3547 697 3610 Ly'rici
735 3547 919 3600 Poetae
954 3566 1141 3602 novem
1181 3566 1464 3604 memoran-

397 3630 501 3690 tur,
522 3626 865 3691 Stesichorus,
887 3630 1240 3692 BacchilideS‚
1264 3631 1464 3696 Ibicus,

394 3698 687 3768 Anacreon,
710 3704 985 3769 Pindarus,
1015 3708 1323 3771 Simonides,
1342 3707 1466 3760 Alc·

397 3792 533 3842 man,
552 3778 783 3844 Alcaeus,
807 3784 1034 3846 Sappho,
1056 3784 1242 3849 quibus
1266 3784 1466 3835 addunt

397 3854 558 3919 aliqui
605 3856 920 3922 Corynnam,
964 3866 1023 3910 ut
1061 3860 1214 3911 decas
1254 3861 1467 3925 implea-

395 3935 513 3990 tur-3
534 3988 542 3998 ,
572 3937 629 3980 at
673 3933 813 3995 apud
857 3933 1074 3985 Latinos
1114 3935 1217 3986 dno
1263 3943 1466 3989 tantum

392 4006 656 4069 claruere,
684 4008 930 4059 Horatius
951 4018 1008 4060 et
1032 4011 1230 4062 Caesius
1259 4013 1469 4080 Bassus,

397 4087 462 4131 ut
483 4082 558 4131 ait
579 4082 799 4135 Quintil.
826 4098 879 4136 x.
906 4091 952 4136 1.
966 4087 1079 4152 jam
1098 4088 1192 4142 cit.

463 4160 750 4230 Incendisse]
812 4164 1049 4218 Intensio
1095 4183 1371 4221 nervorum
1414 4170 1470 4220 in

392 4233 603 4365 {mitra
620 4240 791 4294 varios
827 4242 972 4296 varia
1005 4257 1158 4304 sonos
1186 4252 1254 4299 et
1289 4246 1469 4301 modos

1593 1478 1624 1523 ὅ
1660 1471 1784 1523 Mox
1803 1472 2005 1536 ,iuvenes
2026 1472 2374 1537 agitarejocos]
2436 1471 2597 1524 Juve-

1529 1551 1661 1602 niles
1696 1567 1868 1617 curas,
1906 1566 2128 1614 amores,
2157 1552 2327 1617 ludoS,
2354 1552 2599 1604 convivia

1529 1628 1849 1679 describere.
1889 1689 1896 1698 ‚
1948 1629 2200 1683 Horatius
2252 1630 2369 1680 loco
2433 1630 2599 1684 citato

1526 1710 1688 1773 paulo
1711 1716 1855 1760 ante.
1901 1693 1910 1714 ¹
2257 1745 2264 1750 .

1596 1785 1775 1835 Pollice
1792 1786 2008 1850 honesto]
2040 1826 2045 1832 .
2072 1786 2314 1850 Tangens
2347 1784 2601 1836 citharam

1526 1862 1695 1927 pollice
1716 1863 1921 1925 homo,
1943 1863 1999 1913 id
2033 1870 2134 1927 est,
2158 1863 2380 1928 insignes
2405 1863 2600 1913 virtute

1530 1940 1691 2002 vitoe,
1723 1940 1939 1992 heroum
1970 1939 2110 1990 facta
2131 1941 2416 2003 celebrans,
2436 1938 2603 1989 nobili

1531 2015 1770 2066 Carmine
1793 2022 1849 2067 et
1879 2017 2099 2080 glorioso
2120 2022 2330 2080 conatu,
2349 2015 2514 2064 lusisse
2537 2027 2602 2064 ac

1531 2092 1801 2142 cecinisse.
1880 2092 2063 2155 Virgil.
2109 2092 2223 2142 Ecl.
2268 2104 2308 2140 1.
2360 2090 2601 2140 ‘Ludere

1531 2184 1648 2234 quae
1674 2170 1857 2219 vellem
1881 2170 2081 2219 calamo
2111 2166 2348 2233 permisit
2368 2164 2601 2232 agresti?

1597 2251 1631 2296 6
1653 2247 1784 2296 Mihi
1801 2262 1923 2296 nune
1936 2245 2091 2309 Ligus
2111 2261 2197 2295 ora
2217 2242 2422 2310 intepet]
2456 2243 2603 2292 Dum

1526 2329 1592 2374 tu
1614 2324 1669 2374 in
1690 2323 1897 2374 Sabinis
1921 2338 2128 2374 secessu
2165 2322 2356 2388 gaudes
2380 2325 2436 2369 et
2473 2317 2604 2371 libe·

1534 2402 1633 2452 rali
1660 2401 1794 2462 otio;
1830 2415 1927 2465 ego
1965 2400 2167 2465 pariter
2205 2397 2336 2448 urbe
2374 2394 2524 2458 cessi,
2545 2400 2604 2446 et

1533 2471 1740 2545 quietus
1763 2469 1932 2542 ago‘ffi'
1944 2475 2170 2527 Lunensi
2191 2474 2330 2538 villa,
2350 2473 2439 2523 ubi
2456 2471 2605 2524 fruor

1533 2554 1652 2606 aere
1687 2562 1996 2622 temperato,
2019 2561 2076 2604 et
2108 2561 2292 2618 tepore
2329 2550 2604 2602 maritimas

1534 2632 1781 2699 regionis.
1815 2633 1982 2682 Porro
2007 2629 2209 2682 addunt
2226 2634 2433 2678 veteres
2457 2626 2609 2676 Glos-

1533 2724 1627 2771 sae,
1662 2712 1680 2738 ‘
1700 2708 1976 2758 secessisse
2010 2707 2134 2758 illuc
2172 2705 2414 2758 Persium
2445 2702 2498 2752 in
2519 2701 2606 2751 Li-

1535 2786 1697 2851 guriae
1742 2786 1893 2847 fines,
1935 2783 2185 2835 videlicet
2229 2786 2446 2846 propter
2487 2778 2609 2829 Ful-

1534 2862 1672 2913 viam
1693 2861 1982 2913 Sisenniam
2017 2864 2236 2908 matrem
2269 2871 2431 2919 suam,
2468 2868 2606 2919 quae,

1534 2945 1656 3005 post
1696 2943 1916 2988 mortem
1952 2935 2140 3001 prioris
2182 2933 2296 2997 viri,
2330 2931 2403 2982 ibi
2439 2936 2609 2996 nupta

1526 3013 1688 3066 crat!

1600 3092 1754 3155 Ligus
1774 3091 1883 3155 ora]
1948 3088 2158 3153 Liguria
2189 3084 2361 3152 Italiae
2399 3098 2521 3149 pars
2553 3082 2611 3134 in

1534 3167 1747 3231 longum
1778 3171 2025 3230 protensa
2045 3178 2223 3214 versus
2254 3161 2555 3225 Meridiern,
2579 3174 2613 3210 a

1538 3242 1872 3296 Narbonensi
1906 3242 2082 3296 Gallia
2116 3241 2181 3291 ad
2216 3235 2614 3304 Thusciam,se›

1540 3322 1768 3371 cundum
1810 3319 1965 3369 maris
2004 3319 2169 3369 littus.
2265 3316 2463 3378 Hodie,
2508 3315 2615 3368 Ore

1544 3400 1830 3465 Genuensis,
1848 3412 1880 3448 a
1913 3398 2102 3449 Genua
2125 3396 2344 3450 civitate
2376 3392 2615 3460 principe

1539 3484 1870 3542 nuncupata.-

1605 3557 1637 3605 7
1660 3551 1876 3617 Intepet]
1907 3552 2029 3603 Sive
2049 3551 2117 3601 ob
2136 3549 2292 3600 situm
2310 3549 2448 3599 inter
2470 3559 2620 3599 mon·

1540 3637 1645 3692 tes,
1668 3630 1776 3680 sive
1808 3630 1877 3680 ob
1902 3629 2236 3694 agitationem
2259 3625 2415 3676 vicini
2436 3624 2614 3689 maris,

1541 3722 1655 3772 qua·
1677 3706 1886 3771 quidem
1909 3705 2077 3773 major
2097 3703 2333 3767 hyberno
2359 3707 2615 3766 tempore.

1544 3783 1658 3835 Cic.
1693 3783 1727 3833 l.
1750 3798 1814 3833 ιι.
1856 3781 1921 3833 de
1957 3781 2157 3831 Natura
2179 3780 2431 3837 Deorum,
2455 3792 2510 3828 n.
2532 3780 2617 3832 26.

1544 3860 1561 3888 ‘
1581 3858 1755 3909 Maria
1792 3859 1993 3923 agitata
2016 3856 2186 3906 ventis
2223 3855 2300 3905 ita
2321 3859 2619 3918 tepescunt,

1546 3941 1607 3985 ut
1628 3935 1850 4000 intelligi
1876 3934 2027 3984 facile
2052 3933 2216 3999 possit
2247 3932 2302 3982 in
2337 3931 2494 3981 tantis
2516 3930 2618 3982 inis

1544 4011 1843 4061 humoribus
1898 4010 2150 4062 inclusum
2196 4024 2311 4058 esse
2364 4008 2615 4062 calorem:

1544 4102 1644 4138 nec
1666 4088 1807 4137 enim
1827 4086 1915 4138 ille
1937 4094 2183 4136 externus
2205 4093 2264 4136 et
2303 4083 2617 4135 adventitius

1546 4165 1812 4218 habendus
1853 4170 1936 4214 est
1977 4170 2150 4228 tepor,
2193 4165 2283 4214 sed
2324 4180 2387 4210 ex
2422 4159 2617 4212 intimis

1545 4242 1704 4295 maris
1737 4240 1971 4306 partibus
2007 4246 2288 4305 agitatione
2326 4237 2618 4304 excitatus;

1548 4319 1691 4389 quod
1710 4319 1900 4376 nostris
1930 4332 2138 4390 quoque
2174 4314 2478 4390 corporibus
2496 4326 2619 4366 oon-
