3084 4934
518 349 608 440 ‘8ss

1284 382 1358 432 A.
1406 379 1656 457 rsnsu
1708 379 1970 428 nmecr

522 531 746 610 HeuS,
773 531 972 609 bone,
988 523 1068 597 'tu
1091 522 1328 615 palles».
1391 519 1436 561 '‘
1457 526 1645 592 Nihil
1675 524 1819 592 est!
1904 522 2165 590 Videas
2190 526 2408 588 tamen
2433 520 2635 616 istud,
2711 503 2728 527 s

522 633 864 717 Quicquid
890 633 957 696 id
987 638 1118 698 est:
1163 633 1366 714 surgit
1392 631 1594 696 tacite
1628 620 1748 695 tibi
1775 628 1958 693 lutea
1985 626 2204 711 pellis.

2636 624 2725 689 95

528 742 552 773 ‘
571 734 668 802 At
694 743 764 801 tu
795 736 1080 800 deterius
1107 735 1359 820 palles:
1403 751 1486 797 ne
1517 731 1613 794 sis
1643 730 1803 794 mihi
1829 734 2038 795 tutor:

526 839 685 906 Jam
712 839 968 923 pridem
994 838 1169 902 bunc
1200 835 1441 921 sepeli:
1486 839 1556 898 tu
1585 831 1838 899 restas?
1924 832 2157 916 Perge,
2188 831 2452 896 tacebo.

522 1057 658 1118 time,
677 1060 731 1105 tu
749 1058 957 1120 pallidus
973 1070 1040 1106 es.
1106 1056 1251 1105 Nihil
1269 1061 1358 1117 est,
1377 1055 1560 1120 inquit.
1627 1054 1856 1104 Attamen
1877 1052 2119 1102 considera
2136 1051 2256 1100 iuna
2273 1049 2585 1113 quodcumque
2606 1046 2725 1123 illud

523 1126 624 1173 est:
658 1135 724 1170 eu
743 1123 865 1173 cutis
883 1121 1126 1171 subm-occa
1145 1120 1319 1171 sensim
1349 1120 1439 1170 tibi
1466 1120 1753 1171 intumescit.
1820 1119 1947 1167 Tum
1972 1118 2090 1167 ille:
2140 1115 2233 1164 Sed
2253 1121 2308 1165 tu
2325 1115 2457 1178 pejus
2487 1113 2725 1175 pallescis.-

524 1201 584 1239 ne
606 1186 724 1236 milui
747 1187 812 1235 sis
830 1193 1041 1237 curator:
1060 1187 1169 1248 jam
1199 1189 1375 1237 dudum
1395 1186 1532 1235 illum
1556 1191 1700 1234 terroe
1720 1184 1967 1234 mandavi:
1999 1186 2053 1230 tu
2076 1196 2198 1231 vero
2218 1183 2450 1244 superstes
2480 1193 2543 1227 es.

2605 1178 2725 1226 Pro-

1526 1326 1575 1375 N
1586 1323 1739 1374 OTAE

526 1389 639 1472 tera
671 1426 729 1471 et
759 1428 979 1485 matura,
1001 1423 1476 1475 convalescentibus
1499 1438 1590 1487 op·
1668 1423 1979 1471 intercutem
2000 1418 2257 1483 designat.
2321 1417 2569 1479 Galenus,
2594 1413 2731 1478 AEgi-

525 1499 674 1562 tima,
699 1500 892 1564 qnippe
932 1516 1045 1564 quae
1090 1507 1209 1565 post
1241 1517 1426 1552 anuum
1449 1502 1591 1567 vige·
1667 1505 1808 1559 neta,
1830 1498 1867 1546 l.
1891 1510 1976 1547 111.
2012 1497 2210 1558 Celsus,
2232 1497 2265 1546 l.
2289 1508 2376 1544 ιιι.
2397 1502 2448 1543 et
2473 1492 2576 1542 alii.

528 1575 714 1625 simum
750 1576 982 1640 quintum
1010 1576 1329 1628 biberentur.
1400 1579 1592 1631 casau-

528 1651 693 1702 bonus
716 1667 781 1702 ex
803 1653 973 1703 Plinio
991 1655 1295 1719 Graecisque
1315 1655 1557 1706 Medicis.

593 1727 902 1793 Surrentina]
966 1731 1259 1783 Surrentini
1286 1734 1442 1782 colles
1464 1735 1594 1783 salu·

528 1794 638 1852 bris
676 1802 782 1863 vini
826 1803 1045 1870 feraces,
1083 1822 1248 1872 prope
1285 1809 1592 1863 Surrentum

532 1878 828 1942 Campaniae
863 1880 1041 1931 urbem
1064 1883 1387 1933 maritimam.
1453 1885 1593 1935 Vide

527 1954 674 2006 Plin.
712 1971 828 2008 xiv.
869 1964 919 2009 6.
962 1967 1018 2010 et
1053 1975 1221 2013 xxm.
1260 1967 1308 2014 1.
1353 1962 1593 2013 ‘Surren-

532 2031 681 2095 tina,'
703 2034 894 2099 inquit,
919 2038 936 2065 ‘
955 2037 1076 2086 vina
1097 2046 1257 2102 caput
1278 2039 1420 2089 nulio
1439 2040 1594 2090 modo

534 2115 769 2174 tentant;
807 2120 864 2163 et
885 2115 1137 2165 stomachi
1158 2121 1214 2165 et
1236 2116 1597 2168 intestinorum

529 2187 926 2240 rheumatismos
950 2192 1234 2242 cohibent.'

593 2266 775 2317 Lotum
792 2268 911 2332 sibi]
964 2270 1083 2319 Duo
1107 2278 1229 2320 sunt
1251 2272 1433 2337 aegroti
1457 2273 1595 2322 illius

531 2352 757 2408 peccata
775 2353 959 2401 contra
979 2348 1293 2398 valetudinis
1317 2349 1595 2399 rationem:

529 2425 774 2489 primum,
814 2425 953 2491 quod
992 2426 1190 2477 balneis
1230 2433 1435 2477 utatur:
1471 2428 1600 2477 alte-

535 2514 670 2565 rum,
692 2502 829 2565 quod
864 2501 1040 2552 vinum
1076 2502 1243 2568 bibat,
1265 2503 1406 2569 quasi
1431 2517 1600 2553 sanus.

540 2576 673 2626 Erat
711 2591 821 2628 mos
846 2577 1109 2645 Antiquis,
1131 2581 1336 2644 vesperi
1359 2594 1606 2631 exercere

537 2669 613 2718 se,
645 2653 767 2704 inde
790 2657 988 2721 lavare,
1010 2664 1196 2721 postea
1213 2671 1438 2709 coenare.
1506 2657 1605 2708 Ille

537 2731 926 2796 intempestive,
991 2734 1418 2798 intemperanter,
1471 2748 1606 2798 prae-

539 2814 750 2872 postere
769 2810 954 2859 omnia.
1020 2810 1233 2860 Sueton.
1271 2811 1326 2859 in
1349 2808 1606 2874 Angusto,

541 2899 590 2935 e.
633 2890 714 2937 82.
765 2886 1043 2951 ‘Tantam‚'
1086 2886 1274 2952 iuquit,
1307 2886 1606 2938 ‘infirmita-

540 2968 648 3012 tem
677 2978 862 3027 magna
899 2979 1027 3014 cura
1060 2963 1324 3030 tuebatur,
1372 2964 1608 3029 inprimis

527 3052 593 3089 av
623 3039 1022 3102 audistin-itate?

607 3121 674 3166 94
708 3116 867 3179 Heus,
909 3116 1044 3182 boue,
1085 3123 1140 3167 tu
1177 3118 1346 3182 palles]
1432 3119 1612 3184 Inquit

544 3192 787 3242 Medicus
813 3194 1038 3243 revisens
1059 3193 1315 3247 hominem
1339 3210 1555 3260 aegrum.

610 3269 797 3333 Palles]
857 3271 1036 3320 Pallor
1056 3272 1222 3321 morbi
1239 3272 1415 3322 index.

609 3345 754 3396 Nihil
786 3349 877 3412 esi]
913 3349 1247 3411 *Respondet
1291 3363 1451 3414 aeger,
1487 3349 1613 3413 nihil

535 3421 658 3470 mali
685 3436 740 3470 se
776 3423 989 3487 habere,
1025 3425 1260 3491 adeoque
1296 3425 1494 3475 Medici
1532 3440 1614 3474 re-

540 3497 939 3562 prehensionem
992 3503 1215 3567 spernit,
1256 3508 1311 3551 et
1361 3501 1612 3566 injectum

543 3573 642 3623 sibi
688 3575 923 3629 timorem
970 3577 1157 3630 elevat.
1223 3577 1327 3630 Qui
1366 3577 1421 3627 in
1466 3581 1611 3642 gravi

540 3654 724 3704 morbo
767 3654 1003 3705 dolorem
1043 3670 1144 3705 non
1185 3657 1364 3720 sentit,
1416 3656 1469 3706 iu
1518 3657 1609 3707 illo

543 3745 663 3795 spes
701 3732 938 3783 sanitatis
970 3741 1061 3782 aut
1098 3733 1289 3797 exigua
1326 3741 1418 3783 aut
1448 3735 1608 3786 nulla.

541 3805 914 3871 Hippocrates.
1466 3850 1473 3857 .
1539 3854 1544 3858 .

568 3922 575 3925 .
611 3881 788 3934 Videas
827 3886 1003 3945 tamen,
1041 3882 1150 3946 ξω]
1213 3883 1385 3934 Instat
1407 3886 1607 3948 peritus

537 3957 800 4021 Medicus,
841 3959 1044 4009 scilicet
1085 3959 1213 4011 nibil
1267 3959 1439 4024 times,
1486 3978 1606 4014 cum

528 4034 640 4097 jam
662 4034 955 4099 hydropisis
978 4035 1172 4086 indicia
1192 4036 1384 4087 habeas
1404 4038 1602 4088 omnia:

539 4116 594 4159 et
619 4123 808 4173 corpus
826 4111 1147 4177 intumescit,
1169 4121 1225 4164 et
1247 4114 1400 4179 pellis
1418 4113 1604 4166 flaves-

543 4186 633 4234 cit.

604 4267 665 4323 95
702 4263 872 4330 Surgit
892 4268 1016 4319 lutea
1031 4268 1192 4334 pellis]
1237 4268 1400 4321 Quod.
1418 4284 1601 4336 aquam

1734 1580 1800 1625 96
1844 1575 1913 1624 At
1955 1580 2009 1624 tu
2048 1574 2255 1623 deterius
2293 1572 2464 1636 palles]
2526 1568 2729 1620 Probra

1661 1655 1776 1718 jam
1812 1653 2003 1702 evomit
2048 1651 2099 1701 in
2146 1650 2409 1700 Medicum
2455 1662 2595 1710 aeger
2631 1654 2734 1696 sto·

1671 1729 1951 1778 machatns.
2019 1727 2066 1790 1,
2104 1741 2230 1777 cura
2269 1725 2511 1789 teipsum,
2546 1722 2734 1787 inquit,

1672 1811 1820 1874 pejus
1860 1813 2220 1872 aegrotantem.
2308 1806 2422 1868 Ego
2466 1802 2639 1853 sanior
2680 1809 2736 1851 te

1674 1902 1805 1949 sum,
1840 1892 1896 1937 et
1930 1883 2281 1948 voluptatibus
2311 1881 2576 1931 abstinere
2596 1880 2736 1929 nolo.

1672 1963 1861 2012 Pallen-e
1891 1967 2065 2011 autem
2089 1959 2327 2010 Medicus
2348 1957 2556 2029 videtur
2579 1971 2737 2022 aegro,

1674 2039 1760 2089 vel
1800 2038 1923 2104 quia
1959 2043 2257 2097 veternoso,
2297 2035 2379 2086 vel
2419 2041 2479 2084 ut
2513 2040 2737 2098 'arquato

1677 2116 1859 2166 morbo
1912 2114 2187 2164 laboranti.
2285 2109 2442 2175 Apud
2510 2109 2739 2161 Nouium

1677 2191 2007 2253 Marcellum,
2072 2192 2087 2218 ‘
2111 2189 2278 2239 Varro
2333 2185 2739 2247 Eumenidibus3

1680 2276 1740 2318 ut
1778 2267 2004 2333 arquatis
2042 2272 2099 2317 et
2137 2269 2277 2317 lutea
2308 2280 2425 2330 quae
2463 2278 2566 2315 non
2604 2269 2741 2326 sunt,

1678 2351 1732 2395 et
1754 2360 1870 2409 qum
1908 2349 2048 2405 sunt,
2087 2344 2231 2394 lutea
2249 2343 2518 2393 videntur:
2553 2341 2628 2392 sic
2666 2341 2738 2391 in·

1679 2422 1816 2472 sanis
1837 2422 1947 2472 sani
1969 2428 2026 2472 et
2045 2419 2228 2471 furiosi
2247 2420 2489 2470 videntur
2519 2433 2633 2470 esse
2664 2419 2740 2468 in-'

1682 2499 1828 2549 sani?
2007 2496 2010 2503 ⁴
2595 2528 2600 2531 2

1770 2575 1937 2625 Nesis
1974 2575 2097 2624 mim
2137 2575 2291 2638 mor]
2353 2574 2472 2626 Jam
2521 2574 2743 2638 pupillus

1683 2666 1785 2702 non
1824 2667 1955 2715 sum,
1988 2650 2125 2715 juris
2165 2651 2269 2700 mei
2306 2664 2438 2712 sum,
2469 2649 2746 2715 disciplina

1684 2737 1777 2780 tna
1809 2743 1911 2779 non
1951 2742 2100 2792 egeo.
2189 2727 2647 2792 Apage‘severum
2687 2733 2746 2778 et

1684 2807 1956 2857 molestum
1978 2805 2301 2855 monitorem.
2681 2814 2686 2819 ’

1743 2889 1813 2937 ,97
1847 2885 1964 2934 Jmn
1994 2884 2188 2947 pridem
2219 2883 2341 2931 hunc
2358 2879 2526 2945 sepeli]
2589 2882 2746 2932 Tuto·

1686 2975 1796 3011 rem
1831 2962 1953 3009 olim
1990 2959 2145 3009 habui
2180 2958 2392 3008 similem
2430 2958 2524 3023 tui,
2560 2958 2746 3010 durum

1688 3038 2068 3101 castigatorem,
2101 3037 2190 3087 sed
2231 3036 2366 3085 bunc
2393 3035 2504 3099 jam
2543 3034 2746 3098 pridem

1688 3124 1947 3169 mortuum
1989 3117 2203 3182 gaudeo.
2273 3115 2406 3165 Haec
2444 3115 2601 3165 verba
2637 3115 2748 3181 qni·
2777 3146 2784 3149 ,

1692 3194 1810 3249 dam
1846 3195 2140 3246 attribuunt
2161 3192 2391 3257 Medico,
2416 3193 2557 3257 qussi
2589 3192 2749 3257 dieat,

1691 3271 1819 3322 alius
1843 3276 2067 3334 aegrotus
2090 3285 2152 3321 eo
2176 3269 2372 3334 morbo,
2394 3283 2495 3334 quo
2528 3275 2586 3318 tu
2607 3269 2749 3319 labo·

1692 3362 1791 3411 ras,
1823 3349 1934 3412 ⁸iam
1969 3346 2163 3411 periit3
2198 3347 2317 3396 vide
2361 3360 2428 3395 ne
2472 3345 2611 3396 idem
2652 3345 2749 3396 tibi

1692 3423 1981 3489 contingat.
2047 3423 2149 3473 Sed
2172 3423 2314 3487 prior
2333 3422 2595 3472 sententia
2618 3437 2749 3487 prae·

1689 3499 1922 3550 ferenda.
2593 3526 2602 3535 .
2667 3520 2676 3528 ·
2749 3522 2756 3527 ·

1755 3579 1827 3634 Tu
1857 3576 2032 3644 restes]
2090 3576 2234 3627 Vivis
2279 3576 2465 3640 adhuc,
2501 3582 2558 3627 et
2599 3576 2747 3642 vivis,

1688 3662 1750 3706 ut
1786 3656 1909 3705 mihi
1946 3654 2124 3720 gravia
2160 3653 2465 3717 praeeipias3
2512 3659 2569 3702 et
2606 3655 2751 3704 velut

1689 3734 1819 3783 alter
1843 3740 1985 3785 tutor
2016 3732 2141 3782 mihi
2163 3731 2310 3794 leges
2333 3729 2587 3794 imponas..
2655 3730 2754 3781 At·
2790 3723 2793 3726 ⁴

1605 3832 1612 3839 ·
1687 3810 1776 3874 qui
1798 3816 1871 3875 te,
1892 3816 2087 3874 tuaque
2110 3813 2380 3873 praecepta
2400 3804 2547 3856 flocci
2563 3804 2718 3857 facio.
2741 3827 2757 3839 ·

1755 3886 1932 3949 Perge,
1955 3883 2139 3947 tacebo]
2206 3883 2351 3934 Nihil
2375 3883 2596 3947 amplius
2618 3898 2751 3948 proe·

1685 3962 1844 4026 cipio,
1880 3960 2051 4028 inquit
2090 3961 2352 4024 Medicus,
2376 3958 2634 4021 absced03
2675 3960 2753 4009 bia

1672 4037 1771 4102 be,
1795 4039 1931 4103 lava,
1955 4037 2103 4102 genio
2124 4037 2354 4102 indulge.
2422 4035 2581 4086 Certe
2606 4036 2750 4087 brevi

1653 4156 1654 4159 ,
1683 4114 1897 4177 senties,
1931 4113 2109 4179 quanti
2144 4113 2211 4163 sit
2232 4128 2313 4164 me
2334 4126 2437 4163 nou
2469 4111 2747 4174 audivisse,

1684 4195 1741 4239 et
1782 4189 2010 4243 venienti
2058 4189 2287 4241 noluisse
2330 4188 2513 4239 morbo
2562 4202 2745 4239 occur-

1683 4281 1816 4320 rere.
