3084 4934
1283 403 1563 463 SATIRA
1614 412 1669 462 1.
1770 418 1778 429 “

361 555 619 624 Mobile
647 555 973 637 collueris,
1000 557 1291 642 patranti
1319 556 1577 624 fractus
1604 556 1846 624 ocello.

361 656 504 726 Hic
531 680 744 745 neque
772 680 954 726 more
979 660 1198 744 probo
1227 659 1461 728 videas
1490 679 1705 745 neque
1729 678 1904 728 voce
1932 670 2163 725 serena
2199 698 2226 733 μ
2586 712 2588 718 2

361 762 675 848 Ingentes
705 764 1039 849 trepidare
1068 764 1286 844 Titos,
1317 784 1472 830 cum
1503 764 1795 831 carmina
1818 763 2117 830 lumbum
2189 820 2194 825 .
2477 761 2568 827 29

360 865 642 947 Instant,
673 875 741 934 et
767 869 1044 934 tremulo
1073 869 1462 957 scalpuntur
1484 868 1601 934 ubi
1627 868 1862 934 intima
1886 885 2105 932 versu.
2269 902 2274 907 «
2533 882 2548 939 s

356 1099 487 1149 intas
505 1099 653 1150 oeulis
685 1098 887 1151 laniata
954 1099 1066 1150 Illic
1080 1115 1168 1151 uec
1189 1099 1306 1150 bono
1325 1101 1445 1167 rita,
1474 1116 1562 1152 uec
1579 1103 1974 1167 applausuaeecto,
2008 1101 2212 1166 aspicias
2238 1099 2454 1152 subsilire
2484 1115 2569 1152 uo·

359 1163 476 1215 biles
497 1164 750 1230 Rmmos,
780 1166 962 1230 quaudo
993 1180 1154 1229 versus
1167 1171 1421 1230 penetrant
1443 1168 1595 1231 rentes,
1615 1172 1665 1217 et
1684 1170 1869 1232 quando
1884 1167 2149 1232 precordia
2168 1167 2433 1217 titillentur
2464 1181 2568 1216 cur-

359 1230 485 1281 mine
505 1229 746 1282 trenna.
783 1231 832 1282 Ο
853 1245 1010 1298 κω,
1030 1236 1144 1282 tune
1163 1233 1338 1297 φωνὴ
1354 1232 1596 1304 illecebras
1609 1232 1806 1283 aur-ibas
1826 1229 2062 1284 aliorum?
2096 1232 2326 1299 Auribus,
2342 1232 2569 1315 inquam?
2653 1271 2658 1273 Α

1287 1396 1317 1415 0

1556 1395 1646 1416 00&

358 1525 537 1563 errore
557 1515 619 1562 nt
640 1526 757 1562 cum
778 1511 1007 1576 quotiens,
1031 1513 1225 1577 totiens,
1253 1518 1310 1565 et
1332 1512 1432 1564 alia
1453 1512 1776 1578 scripserunt
1797 1525 1890 1574 pro
1911 1509 2107 1575 quoties,
2125 1510 2285 1575 toties,
2322 1513 2402 1574 aye.
2470 1511 2569 1561 Ca-

303 1632 307 1637 ,
358 1576 704 1628 saubon.-18
735 1579 946 1628 calluerit
965 1578 1102 1629 Edit.
1120 1579 1305 1644 Stepb.
1359 1579 1434 1630 At
1451 1577 1669 1629 reliceris
1700 1576 1937 1628 meliores
1959 1575 2291 1641 membratim,
2307 1591 2412 1626 non
2434 1577 2572 1627 collu-

357 1642 474 1705 erit,
496 1643 634 1709 quod
655 1642 835 1693 inaliis
857 1640 1005 1694 libris
1022 1645 1073 1694 le
1109 1645 1240 1695 itur:
1265 1645 1464 1710 inepte,
1482 1644 1583 1694 nisi
1602 1645 1651 1694 le
1685 1659 1741 1694 as
1758 1642 1881 1694 Sede
1898 1643 2023 1704 leget
2043 1643 2180 1693 celsa.
2214 1640 2572 1692 Casaubon.-

364 1711 428 1758 19
449 1708 581 1759 Tum
596 1708 779 1774 prolu'c
792 1710 850 1761 C.
862 1721 1060 1761 merore
1138 1725 1183 1762 s.
1199 1711 1264 1760 R.
1297 1725 1405 1761 voce
1423 1724 1594 1761 sonora
1668 1723 1707 1759 s.
1725 1707 1971 1760 (ἧι-21
1984 1706 2381 1774 sculpuntur-Mn.
2393 1708 2459 1758 R.
2478 1698 2570 1758 sed

1250 1844 1254 1853 ·
1361 1831 1579 1885 NOTAE

361 1941 519 1978 causa
558 1903 996 1981 courocabantur.
1077 1929 1215 1982 Vide
1240 1920 1422 1982 ¹'Maru
1494 1913 1718 1997 apponi,
1760 1929 1852 1983 ait.
1935 1898 2576 1993 Adhibebant'praeterea

359 2003 666 2071 Epigawfi.
691 2013 746 2057 et
761 2011 913 2059 x.70.
949 2006 1160 2058 Plin.in
1174 2007 1424 2073 Epistolis
1506 2014 1810 2059 ornamenta
1835 2006 2087 2071 ¹corporis
2132 2007 2294 2070 varia,
2338 2010 2399 2056 ut
2450 2005 2573 2056 inde

358 2083 568 2148 passim,
581 2088 642 2133 ut
663 2084 697 2134 1.
712 2097 777 2135 11.
799 2083 966 2149 Epist.
983 2088 1064 2136 19.
1086 2083 1124 2135 l.
1144 2099 1228 2136 ιι.
1250 2085 1423 2150 Epist.

359 2159 878 2212 27.·'luculentissime
900 2176 1030 2212 vero
1070 2162 1106 2212 l.
1130 2176 1233 2213 vn.
1256 2162 1425 2227 Epist.

268 2271 272 2274 <
360 2241 445 2288 17.
484 2244 542 2289 et
575 2239 611 2288 1.
649 2252 770 2289 vm.
810 2238 976 2304 Epist.
1006 2243 1086 2288 12.
1154 2237 1427 2291 Juvenalis

360 2323 535 2368 autem
556 2316 666 2367 Sat.
683 2330 786 2368 vu.
808 2316 966 2368 docet
983 2322 1177 2382 quanto
1194 2316 1248 2367 id
1265 2315 1428 2367 fiebat

361 2399 645 2459 apparatu:
701 2393 718 2422 ‘
748 2392 824 2444 At
867 2394 911 2444 si
953 2394 1230 2446 dulcedine
1271 2392 1426 2444 famae

359 2471 656 2522 Succensus
697 2471 904 2536 recites,
941 2473 1248 2523 Maculonus
1290 2486 1427 2522 com·

360 2547 541 2598 niodat
562 2547 738 2599 aedes!
806 2547 876 2598 Et
911 2549 1065 2614 paulo
1098 2546 1244 2614 pdst:
1279 2547 1428 2600 ‘Scit

298 2632 307 2643 ⁸
363 2625 490 2676 dare
511 2625 726 2678 libertos
743 2631 978 2677 extrema
996 2627 1050 2676 in
1067 2633 1222 2692 parte
1245 2624 1428 2677 seden-

363 2709 445 2754 tes
470 2702 704 2768 Ordinis,
737 2709 793 2752 et
813 2718 1026 2768 magnas
1061 2703 1305 2753 comitum
1329 2701 1429 2753 dis-

362 2794 559 2845 ponere
594 2794 764 2830 voces.
831 2777 1000 2828 Nemo
1041 2778 1190 2830 dabit
1224 2780 1429 2845 Regum

365 2854 545 2924 quanti
589 2854 838 2906 subsellia
887 2861 1145 2918 constent,
1199 2857 1268 2907 Et
1312 2869 1427 2920 quae

363 2934 623 2986 conducto
663 2933 895 2999 pendent
933 2933 1217 2984 anabathra
1240 2932 1429 2999 tigillo,

365 3011 601 3077 Quaeque
641 3009 968 3076 reportandis
1007 3010 1182 3073 posita
1224 3016 1305 3060 est
1349 3024 1430 3059 or-

364 3087 570 3138 chestra
623 3085 918 3138 cathedris!
1016 3087 1099 3137 Ex
1154 3087 1232 3136 bis
1281 3093 1433 3152 patet

365 3165 691 3217 consuevisse
725 3165 1039 3215 recitaturos
1060 3163 1164 3215 suis
1184 3163 1433 3229 impensis

366 3258 552 3296 ornare
574 3243 909 3307 auditorium,
946 3242 1190 3294 subsellia
1228 3232 1430 3294 audito-

366 3320 525 3386 ribus,
563 3321 662 3372 sibi
702 3335 826 3371 vero
857 3321 1116 3387 pulpitum
1156 3330 1215 3373 et
1251 3322 1430 3373 sedem

367 3399 640 3450 sublimem
670 3399 966 3463 disponere.
1031 3400 1179 3451 Idem
1209 3399 1434 3452 babetur

212 3470 219 3477 “
294 3521 304 3532 ,
368 3488 434 3525 ex
470 3474 698 3539 Dialogo
730 3474 797 3526 de
831 3476 1169 3527 Oratoribus:
1206 3477 1315 3528 ‘Et
1346 3476 1434 3527 do·

342 3565 506 3602 -muru
550 3557 833 3615 mutuatur,
878 3557 934 3601 et
984 3550 1296 3603 auditorium
1348 3568 1435 3603 ex-

369 3631 544 3695 struit,
566 3636 621 3681 et
643 3629 890 3679 subsellia
913 3629 1178 3695 conducit,
1210 3634 1268 3681 et
1287 3630 1434 3682 libel-

368 3706 445 3759 los
457 3706 743 3773 dispergit,’
753 3706 935 3771 quibus
947 3721 1132 3772 nempe
1145 3705 1435 3758 invitentur

370 3784 617 3834 audituri.
678 3783 814 3833 Vide
853 3782 994 3834 Pliu.
1015 3783 1184 3848 Epist.
1202 3796 1240 3834 1.
1263 3788 1344 3834 13.
1379 3789 1435 3834 et

370 3874 437 3913 u.
460 3865 541 3913 14.
607 3862 784 3926 Atque
805 3865 864 3910 ut
881 3858 1259 3925 frequentiores
1288 3860 1435 3911 ades·

371 3944 493 3991 seut
523 3937 801 4001 auditores,
834 3936 1003 4001 pretio
1039 3938 1195 3987 etiam
1230 3951 1436 3988 munus-

370 4004 502 4066 culis
540 4015 884 4080 cogebantur.
953 4014 1143 4065 Horat.
1173 4014 1241 4064 'iu
1283 4015 1437 4077 Arte,

292 4141 294 4144 ,
370 4093 483 4144 ‘Ut
526 4108 702 4158 praeco
743 4092 810 4142 ad
850 4106 1049 4143 merces
1101 4094 1308 4143 turbam
1347 4092 1434 4160 qui

370 4170 518 4236 cogit
540 4169 798 4235 emendas,
819 4167 1185 4220 Assentatores
1195 4170 1349 4235 jubet
1368 4169 1436 4220 ad

323 4267 333 4277 ·
373 4250 574 4300 lucrum
597 4249 675 4298 irc
695 4248 903 4299 Poeta!
951 4250 1022 4299 Et
1043 4248 1256 4300 Persius
1280 4249 1438 4314 paulo

377 4331 514 4394 poet,
557 4327 733 4380 tritam
771 4327 1036 4378 lacernam
1084 4325 1218 4392 dari,
1261 4332 1440 4378 sumen

1506 2084 1802 2136 recitationi
1825 2084 2071 2149 splendor
2094 2083 2391 2133 accederet.
2416 2081 2572 2135 Quod

1505 2163 1728 2213 innuunt
1770 2161 1984 2212 Persius
2028 2161 2114 2211 hic
2144 2176 2158 2211 ε
2193 2158 2477 2210 'Plutarch
2519 2157 2575 2229 in

1506 2237 1794 2304 Pompeio:
1832 2238 2032 2289 Seneca
2052 2238 2152 2303 Ep.
2175 2242 2289 2289 114.
2341 2236 2574 2289 Martial.

1508 2316 1608 2382 Ep.
1628 2329 1709 2366 w.
1730 2320 1812 2367 41.
1845 2320 1902 2365 et
1921 2329 1998 2366 vr.
2022 2320 2104 2367 41.
2168 2314 2304 2365 Vide
2326 2320 2384 2364 et
2402 2313 2575 2381 Agell-

1483 2386 1589 2444 ἀι.
1620 2397 1669 2444 9.
1703 2393 1794 2444 ubi
1829 2393 2082 2458 reperies,
2113 2390 2332 2457 digitum
2368 2392 2575 2454 annulo,

1507 2478 1670 2538 caput
1692 2471 1921 2537 palliolo,
1941 2476 2091 2521 aures
2120 2467 2432 2534 ligamentis,
2465 2465 2577 2518 fau·

1509 2564 1599 2600 ces
1620 2549 1814 2600 vellere
1848 2562 1945 2600 ceu
1964 2549 2084 2598 lana
2102 2547 2372 2598 exornari:
2411 2536 2572 2611 pech

1508 2627 1666 2680 etiam
1722 2627 1956 2693 capillos,
2009 2633 2160 2692 togas
2224 2630 2463 2676 recentes
2520 2630 2578 2675 et

1509 2704 1824 2770 splendidas.
2106 2723 2118 2730 ·

1575 2783 1842 2849 Plamate]
1920 2781 2006 2833 Ad
2037 2780 2333 2832 leniendam
2370 2790 2575 2845 vocem,

1509 2862 1903 2926 suavioremque
1925 2858 2231 2910 faciendam.

1574 2942 1639 2988 18
1672 2935 1927 3001 Patrunti]
1994 2934 2217 2987 Patrare
2251 2935 2462 3001 proprie
2494 2940 2578 2985 est

1509 3015 1813 3064 παιδοποιεῖν.
1878 3012 2034 3063 Unde
2059 3012 2142 3062 hic
2179 3028 2272 3078 pro
2294 3011 2574 3064 libidinoso

1508 3094 1728 3155 ‘aspectu
1753 3105 1784 3139 a
1804 3089 1989 3140 Persio
2010 3098 2304 3155 usurpatur.

1579 3172 1643 3218 19
1682 3166 1802 3232 Hic]
1869 3167 1937 3217 Id
1959 3174 2060 3234 est,
2083 3166 2137 3216 in
2171 3167 2271 3218 illis
2310 3168 2578 3220 recitatio-

1509 3243 1681 3296 nibus.
1931 3242 1936 3247 ⁴
2063 3238 2074 3247 ‘
2489 3249 2496 3254 ’
2565 3262 2568 3269 ·

1578 3322 1743 3387 Neque
1783 3336 1892 3372 voce
1932 3323 2119 3388 meria]
2183 3322 2578 3375 Acclamatioue

1510 3397 1743 3450 confusa.
2394 3455 2400 3463 .

1575 3482 1641 3527 2⁰
1679 3474 1958 3541 Trepidare]
2022 3475 2344 3527 Exhibendoe
2375 3474 2579 3525 laetitiae

1510 3559 1569 3605 et
1612 3553 1999 3619 approbationis
2042 3545 2215 3603 causa.
2285 3551 2473 3603 Horat.
2521 3551 2577 3602 in
2630 3583 2633 3587 .
2689 3540 2692 3543 ¹

1510 3637 1642 3681 arte.
1671 3630 1692 3659 ‘
1709 3631 1892 3695 Saliet,
1915 3628 2105 3680 tundet
2126 3628 2259 3695 pede
2282 3626 2511 3679 terram.’

1580 3704 1736 3770 Titos]
1804 3705 1953 3756 Dicti
1985 3711 2105 3755 sunt
2124 3704 2234 3755 Titi
2257 3704 2453 3755 nobiles
2477 3704 2580 3756 Ro·

1513 3782 1654 3839 mani
1690 3797 1723 3833 a
1754 3781 1871 3833 Tito
1904 3782 2077 3845 Tatio,
2098 3783 2183 3831 vel
2206 3797 2237 3831 a
2258 3782 2450 3832 tuendo
2465 3783 2578 3834 ‘Im-

1515 3875 1684 3926 peno.
2540 3911 2568 3923 >.

1580 3936 1813 3987 Lambrum
1826 3936 2034 4000 intrant]
2100 3935 2391 3987 Excitando
2412 3935 2580 3986 libidi-

1516 4028 1653 4079 nem,
1676 4016 1824 4080 cujus
1843 4014 1992 4065 sedes
2014 4020 2097 4064 est
2116 4013 2170 4063 in
2189 4013 2405 4063 lumbis:
2443 4013 2578 4080 quod

1517 4090 1719 4142 faciunt
1742 4090 1971 4141 obscoeni
1994 4105 2191 4141 versus.

1510 4174 1518 4181 ·
1582 4172 1646 4218 21
1680 4167 1918 4231 nemum]
1949 4167 2191 4217 Tremula
2207 4181 2333 4218 voce
2355 4179 2580 4234 pronun-

1517 4246 1715 4315 tiando,
1737 4252 1796 4298 ut
1815 4245 2018 4297 mollior
2036 4245 2108 4296 sit
2127 4247 2313 4296 sonus.
2485 4320 2490 4331 ι
