3084 4934
527 383 659 452 1:7⁰

1288 396 1362 444 A.
1414 395 1665 445 PERSI!
1716 395 1980 446 rhacct

527 547 677 613 Nec
707 544 1015 610 rhombos
1045 541 1196 609 ideo
1224 540 1478 608 libertis
1505 561 1755 628 ponere
1781 542 2030 622 lautuS‚

526 649 675 714 Nec
703 655 961 712 tenuem
994 647 1203 711 solers
1235 644 1570 711 tui-damn
1600 667 1800 712 nosse
1828 647 2128 711 salivam.
2198 641 2208 657 ⁸

526 748 759 816 Messe
786 757 975 815 tenus
1008 751 1279 834 propria
1305 750 1492 830 vive;
1538 756 1606 813 et
1635 749 1958 831 granaria,
1987 750 2090 813 fas
2117 753 2241 827 est,

874 853 1055 933 Quid
1080 855 1386 920 metuas?
1436 851 1652 930 Ocea,
1682 859 1749 918 et
1776 871 1965 937 seges
1996 853 2201 917 altera
2227 850 2300 915 in
2326 849 2534 916 herba
2562 857 2685 917 est.

525 854 780 920 Emole.

2654 747 2741 814 25

524 1025 739 1075 rhombos
776 1007 978 1088 libertis,
1008 1040 1154 1089 neque
1185 1025 1371 1088 peritus
1405 1022 1683 1086 dignoscere
1713 1023 1933 1072 subtilem
1964 1023 2213 1072 turdorum
2243 1035 2472 1085 saporem.
2494 996 2504 1003 α
2550 995 2746 1070 Vescere'

526 1106 669 1156 usque
705 1092 768 1141 ud
805 1096 935 1140 tuum
971 1106 1187 1155 nucum,
1208 1097 1256 1140 et
1278 1092 1394 1139 mole
1421 1090 1609 1152 horrea,
1647 1089 1774 1139 licet.
1845 1088 1979 1144 Quid
2011 1083 2213 1137 timeas?
2262 1086 2439 1138 Glebus
2470 1086 2742 1136 comminue.

1433 1243 1671 1263 “OOOO‘O

1676 1242 1794 1262 ‘Ol‘

528 1374 719 1428 0.-24
752 1383 915 1428 tenues
948 1379 1124 1429 salivas
1153 1379 1258 1429 Ms.
1284 1379 1401 1429 Gal.
1437 1386 1493 1429 et
1521 1380 1582 1430 C.
1606 1380 1852 1430 turdorum
1874 1377 2015 1429 Edit.
2052 1377 2237 1441 Stepb.
2274 1372 2565 1438 tenues'sol.
2591 1363 2743 1421 'turd-

659 1458 851 1505 vapores

526 1489 624 1548 ηοξ·
657 1508 832 1558 salivas

862 1474 990 1550 ζείο)
1013 1477 1115 1529 Ms.
1140 1478 1339 1527 R.-26
1371 1463 1585 1529 metitis?
1618 1494 1711 1527 occ.
1737 1465 1794 1527 eit
1818 1477 1878 1528 C.

1528 1621 1743 1692 1310oeAE

524 1734 884 1798 patrimonium
908 1738 958 1787 iu
982 1740 1143 1788 malos
1162 1740 1319 1789 etiam
1341 1754 1477 1791 usus.

536 1850 544 1858 .
589 1812 819 1877 Peragit]
872 1813 937 1863 Id
982 1821 1078 1879 est,
1124 1816 1353 1883 conficit,
1391 1817 1595 1881 atterit,

524 1888 805 1953 disperdit.

594 1967 721 2018 Utar
761 1983 866 2031 ego,
905 1967 1040 2031 utar]
1089 1971 1204 2034 Ego
1248 1972 1459 2022 Persius
1494 1987 1594 2022 nec

522 2042 790 2096 effundere
815 2045 967 2095 velim
999 2048 1134 2097 male
1174 2048 1312 2100 bona
1340 2065 1473 2111 mea,
1494 2065 1594 2101 nec

522 2120 729 2171 sordide
752 2121 818 2173 iis
841 2138 1086 2187 parcere:
1130 2125 1223 2174 sed
1247 2132 1368 2177 utar
1390 2126 1451 2176 iis
1474 2142 1594 2191 quae

521 2197 639 2248 usui
675 2205 878 2250 tantum
917 2216 1035 2252 esse
1067 2209 1389 2264 consecrata,
1414 2202 1595 2253 Graeci

521 2275 737 2339 proprio
760 2276 964 2327 nomine
1002 2276 1228 2342 χρήματα
1262 2280 1595 2344 appellando,

434 2417 441 2422 ἱ
522 2349 658 2400 bene
693 2351 967 2403 admodum
1003 2356 1304 2407 ostendunt.
1373 2356 1595 2407 Sanctus

521 2425 747 2491 August.
771 2445 1012 2493 magnum
1042 2432 1095 2482 in
1118 2447 1182 2484 eo
1204 2434 1393 2483 malum
1417 2433 1595 2497 docet,

522 2503 567 2552 si
609 2508 746 2554 utare
779 2503 1019 2569 fruendis,
1053 2514 1137 2558 aut
1159 2508 1353 2570 fruaris
1389 2511 1596 2568 utendis.

522 2578 716 2631 Horat.
756 2583 927 2645 Epist.
975 2597 1038 2632 11.
1076 2589 1123 2634 2.
1176 2588 1190 2614 ‘
1229 2588 1383 2649 Utar,
1425 2593 1482 2636 et
1526 2601 1596 2636 ex

517 2655 743 2719 modico,
772 2664 1022 2723 quantum
1061 2675 1143 2710 res
1170 2667 1371 2726 poscet,
1403 2676 1596 2712 acervo

521 2729 762 2785 Tollam!

583 2811 648 2857 23
697 2810 803 2859 Nec
844 2811 1057 2862 rhombos
1097 2811 1224 2875 ideo]
1274 2813 1451 2863 Nolim
1478 2828 1622 2864 esse.

519 2883 649 2935 adeo
673 2886 727 2935 in
745 2902 924 2937 mensa
945 2889 1263 2954 splendidus,
1279 2897 1339 2939 ut
1361 2890 1596 2940 libertini

520 2963 726 3025 generis
748 2964 1060 3031 homiuibus,
1095 2966 1255 3016 servis
1295 2968 1346 3016 in
1383 2966 1597 3017 liberta-

519 3042 627 3085 tem
645 3039 866 3102 assertis,
878 3039 1059 3089 aliisve
1081 3039 1273 3091 infimae
1295 3042 1470 3106 sortis,
1488 3042 1598 3107 opi-

515 3125 646 3177 para
668 3120 864 3166 struam
887 3117 1144 3172 convivia.

583 3190 842 3256 Rhombus]
875 3194 1009 3245 Sunt
1042 3195 1214 3259 pisces
1246 3196 1490 3262 exquisiti
1512 3211 1593 3246 sa-

517 3264 661 3330 poris
682 3274 737 3318 et
762 3270 934 3334 magni
968 3271 1105 3335 apud
1130 3272 1389 3323 Romanos
1408 3273 1591 3337 pretii:

521 3341 654 3394 dicti
677 3359 708 3392 a
728 3344 951 3395 rotunda
974 3348 1120 3411 quasi
1144 3345 1312 3411 figura
1333 3365 1347 3409 3
1398 3348 1597 3400 habent

520 3417 921 3476 enimdextrum
956 3423 1089 3471 latus
1127 3423 1503 3488 resupinatum,
1538 3430 1597 3475 ut

521 3494 595 3543 ait
618 3493 758 3546 Plin.
782 3510 866 3547 lx.
890 3502 972 3549 20.
1038 3498 1176 3550 Vide
1200 3500 1444 3553 Juvenal.
1479 3503 1598 3553 Sat.

518 3584 599 3623 lv.
625 3588 701 3623 vs.
728 3578 809 3624 39.
835 3583 890 3624 et
916 3576 1025 3625 Sat.
1050 3589 1134 3626 xx.
1163 3592 1237 3627 vs.
1263 3582 1378 3628 121.
1414 3577 1593 3644 ibique

518 3656 786 3701 annotata.
832 3651 1022 3706 Horat.
1069 3654 1177 3705 Sat.
1222 3668 1268 3704 ι.
1312 3658 1363 3706 2.
1413 3656 1428 3682 ‘
1453 3657 1595 3706 Num

518 3725 750 3776 esuriens
774 3724 976 3778 fastidis
999 3730 1188 3795 omnia,
1210 3739 1405 3795 praeter
1430 3732 1595 3782 Pavo-

517 3816 635 3852 nem
671 3802 1039 3871 rhombumque
1055 3805 1091 3856 ?'
1160 3808 1232 3858 Et
1275 3808 1388 3859 Sat.
1434 3824 1498 3859 11.
1546 3814 1598 3860 2.

521 3881 538 3907 ‘
563 3880 734 3932 Quid?
783 3887 891 3931 tum
932 3883 1170 3933 rhombos
1209 3885 1378 3935 minus
1416 3901 1597 3953 aequor

522 3957 726 4010 alebat?
766 3961 936 4010 Tutus
959 3968 1076 4014 erat
1098 3962 1377 4014 rhombus.'
1591 3951 1596 3957 ⁶

584 4036 651 4084 24
685 4034 791 4085 Nec
811 4031 1001 4087 tenuem'
1017 4040 1161 4088 solers
1187 4042 1435 4090 turdarum
1466 4055 1600 4091 nosse

519 4109 738 4175 mavum]
797 4113 976 4164 Nolim
1016 4129 1223 4182 quoque
1266 4117 1427 4181 palati
1481 4131 1599 4178 esse

520 4202 680 4253 supra
715 4191 924 4242 modum
964 4192 1192 4259 delicati,
1214 4202 1274 4245 ut
1297 4195 1593 4247 discernam

522 4263 794 4321 turdorum
814 4285 1079 4343 saporem2
1097 4271 1402 4339 dignoscens
1419 4288 1592 4328 mares

1675 1754 1706 1790 a
1728 1738 1970 1800 foeminis,
1994 1736 2275 1801 sylvestres
2297 1734 2366 1784 ab
2403 1733 2466 1782 iis
2499 1729 2587 1796 qni
2625 1735 2746 1779 sunt

1673 1818 1728 1867 in
1765 1815 1964 1866 aviario
2001 1812 2233 1875 educati,
2271 1810 2560 1861 cellariosa
2584 1815 2747 1858 terra-

1675 1894 1779 1955 riis,
1819 1899 1994 1957 pastos
2021 1890 2270 1954 junipero
2307 1888 2373 1937 ab
2411 1887 2552 1936 aliis:
2606 1883 2748 1950 quod

1675 1977 1864 2020 norunt
1894 1970 1910 1996 ‘
1936 1967 2145 2033 quidam
2188 1966 2323 2030 gulae
2362 1963 2547 2026 dediti,
2582 1967 2748 2012 tanta

1676 2042 1981 2096 subtilitatis
2007 2044 2236 2108 palatum
2259 2042 2530 2102 habentes,
2554 2046 2618 2089 ut
2637 2038 2751 2101 dig·

1674 2127 1889 2171 noscant
1922 2117 2138 2169 turdos.'
2204 2118 2370 2168 Vetus
2410 2116 2748 2167 scholiastes:

1677 2199 1764 2265 qui
1800 2204 1855 2249 et
1890 2197 2058 2247 addit:
2107 2197 2123 2224 ‘
2150 2194 2424 2245 turdarum
2451 2193 2590 2242 dixit
2628 2192 2756 2241 abu-

1674 2278 1802 2339 sive,
1847 2290 1961 2341 pro,
2006 2272 2315 2326 turdorum.'
2372 2274 2450 2323 Ut
2498 2269 2752 2321 Horatius

1674 2354 1856 2420 ponit:
1911 2355 1927 2382 ‘
1965 2353 2112 2402 Pene
2158 2364 2376 2414 macros,
2430 2349 2576 2411 arsit,
2630 2348 2753 2397 dum

1677 2433 1860 2484 turdos
1902 2438 2077 2482 versat
2110 2430 2165 2480 in
2203 2429 2348 2495 igni!
2420 2427 2573 2480 Turdi
2610 2428 2753 2477 inter

1675 2510 1912 2560 volatilia
1969 2508 2321 2559 celebrantur.
2388 2506 2528 2556 Plin.
2573 2517 2630 2553 x.
2668 2506 2752 2553 24.

1676 2586 1961 2638 Athenaeus
1991 2600 2054 2636 11.
2097 2589 2180 2635 24.
2225 2597 2294 2634 ex
2330 2581 2618 2632 Aristotele
2653 2580 2755 2629 tria

1676 2669 1919 2722 recenset
1970 2661 2239 2712 turdorum
2296 2672 2507 2723 genera.
2562 2658 2755 2707 Horat.

1679 2727 1851 2803 Epis‘t.
1912 2753 1952 2789 1.
2004 2743 2083 2788 15.
2153 2738 2167 2765 ‘
2206 2735 2385 2787 Obeso
2439 2736 2515 2784 nil
2570 2734 2754 2783 melius

1678 2815 1870 2867 turdo.'
1919 2814 2150 2865 Μαι-εἰει.
2174 2813 2330 2877 Epig.
2362 2825 2488 2861 1111.
2508 2815 2590 2860 92.
2626 2812 2642 2840 ‘
2667 2810 2755 2860 In-

1678 2900 1760 2943 ter
1800 2907 1921 2942 aves
1969 2891 2169 2955 turdus,
2212 2889 2258 2939 si
2296 2889 2411 2954 quis
2446 2902 2530 2937 me
2568 2887 2752 2952 judice

1677 2976 1848 3021 certet
1878 2986 1891 3019 ι
1960 2968 2110 3019 Inter
2167 2964 2530 3033 quadrupedes
2585 2963 2753 3028 gloria

1677 3045 1842 3111 prima
1864 3043 2051 3109 lepus!

1742 3121 1976 3185 Salivam]
2009 3118 2143 3171 Quia
2188 3133 2340 3182 sapor
2372 3116 2589 3167 salivam
2629 3116 2754 3179 ciet,

1674 3197 1796 3248 hinc
1817 3212 1912 3261 pro
1937 3211 2121 3261 sapore
2145 3195 2311 3245 saliva
2339 3194 2569 3260 ponitur.
2639 3194 2752 3243 Do-

1675 3282 1797 3328 cent
1820 3277 1986 3323 Varro
2006 3275 2042 3323 l.
2066 3287 2190 3323 vm.
2211 3272 2276 3322 de
2301 3271 2451 3336 Ling.
2469 3272 2587 3322 Lat.
2611 3269 2755 3322 Plin.

1677 3353 1713 3401 l.
1746 3365 1916 3402 xxm.
1943 3350 2188 3414 Propert.
2213 3348 2363 3413 Eleg.
2388 3361 2465 3396 xv.
2488 3350 2546 3412 9.

1742 3434 1803 3479 25
1842 3429 2001 3477 Messe
2031 3432 2167 3495 tenus
2183 3426 2381 3490 propria
2400 3421 2528 3485 vive]
2577 3423 2754 3474 Quan-

1679 3513 1791 3556 tum
1831 3518 1897 3554 ex
1934 3502 2073 3568 agris
2114 3517 2217 3553 uno
2240 3516 2374 3551 anno
2395 3499 2612 3565 colligis,
2646 3506 2756 3549 tan-

1678 3581 1908 3632 tumdem
1932 3577 2177 3644 impende
2202 3577 2298 3629 tibi
2319 3584 2375 3628 et
2397 3576 2513 3627 aliis
2535 3593 2549 3626 :
2602 3574 2754 3625 nibil-

1676 3672 1776 3724 que
1801 3670 2011 3707 reserva
2031 3656 2085 3705 in
2111 3660 2416 3720 sequentem
2440 3667 2648 3704 annum.

1745 3736 1990 3786 Granam‘o
2011 3732 2177 3796 emole]
2216 3733 2397 3783 Grana
2417 3729 2608 3794 prioris
2630 3728 2753 3778 anni

1675 3814 1838 3863 mole:
1893 3819 2064 3875 utere,
2088 3817 2336 3877 quantum
2361 3807 2487 3858 satis
2522 3807 2623 3857 erit
2655 3804 2754 3856 tibi

1677 3904 1740 3939 ac
1775 3886 1987 3938 familiae
2029 3892 2162 3947 tuae5
2210 3884 2465 3948 reliquum
2488 3895 2620 3931 vero
2653 3882 2755 3930 lar-

1680 3967 1790 4030 gire
1832 3962 2206 4029 indigentibus.
2272 3961 2374 4012 Fas
2408 3963 2514 4009 est.-
2546 3972 2752 4023 aequum

1680 4048 1763 4093 est
1795 4050 1849 4091 et
1870 4041 2028 4091 decet
2051 4040 2124 4089 sic
2150 4045 2205 4088 te
2227 4049 2385 4101 agere
2419 4035 2610 4085 divinae
2635 4048 2756 4099 pro·

1680 4117 1925 4168 videntiae
1947 4114 2319 4167 confidentem.

1738 4199 1806 4247 26
1874 4193 2006 4250 Quid
2059 4189 2262 4254 muas]
2335 4186 2425 4239 An
2479 4185 2751 4238 dubitabis

1672 4273 1839 4326 horna
1857 4286 2024 4345 messe
2058 4270 2155 4337 uti,
2176 4274 2235 4342 et
2254 4267 2511 4340 insumere
2534 4279 2756 4333 congeri«
