3084 4934
1222 391 1529 454 SAJIRAJ
1552 391 1628 449 Vn
1690 438 1698 449 .
1721 426 1742 435 τ·

2401 330 2534 452 ἰω

310 484 656 595 portantes
684 530 924 629 violae,
937 496 1366 620 fabrumque·
1380 540 1698 624 amplexa
1711 496 2016 611 ‚catinum
2085 551 2094 559 ‘

308 628 542 696 Gauda
568 639 753 700 natat
779 636 1029 720 thynni,
1056 644 1263 704 tumet
1290 642 1448 706 alba
1472 642 1700 708 fidelia
1728 646 1886 715 vino
1908 667 1927 726 ;

305 731 528 798 Labra
550 754 782 803 moves
809 740 1081 820 tacitae,
1109 745 1513 830 recutitaque
1541 748 1825 836 sabbata
1850 750 2088 832 palles.

302 899 529 950 exhalant
555 899 817 966 fuliginem
836 921 1044 956 crassam
1058 924 1079 966 ‚·
1126 913 1176 959 et
1207 909 1397 960 innatat
1425 914 1575 962 cauda
1597 915 1769 978 thynni
1791 915 1984 966 rubeam
2015 917 2233 980 patinam
2252 920 2490 982 complexa
2506 933 2528 976 ,⁰

297 970 358 1014 et
376 966 628 1031 vasfictile
648 971 841 1037 madidi
863 973 1050 1022 coloris
1071 976 1305 1025 redundat
1332 978 1441 1026 vino
1452 994 1474 1036 ,-
1507 985 1633 1028 tunc
1647 986 1824 1031 secreto
1846 982 2006 1044 agitas
2025 983 2169 1047 labia,
2189 988 2236 1033 et
2253 984 2528 1048 expallescis

1302 1108 1523 1161 NOTAE

211 1215 220 1223 ·
300 1209 501 1262 Schol.'
530 1210 757 1266 ‘Locum
795 1212 935 1270 hune·
971 1220 1100 1273 mire
1143 1222 1373 1301 illustrat

290 1287 438 1340 vast.
481 1290 625 1354 Lips.
665 1293 836 1345 Eleet.
876 1310 916 1348 1.
962 1312 1010 1347 c.
1045 1303 1093 1349 8.
1130 1301 1219 1350 nbi
1259 1303 1370 1354 haec

293 1364 511 1416 ‘sei-ibit:
555 1368 572 1396 ‘
596 1368 729 1420 Mos'
739 1373 878 1436 apud
905 1376 1166 1428 Romanos
1191 1393 1370 1444 recep-

296 1448 419 1505 tus;
467 1445 682 1497 in‘omni
712 1450 912 1513 privata
944 1453 1258 1522 publicaque
1282 1458 1369 1507 lae-

294 1519 416 1570 titia
445 1519 662 1585 januam
686 1525 830 1576 lauro
854 1542 915 1578 ac
930 1529 1155 1581 lucernis
1175 1534 1368 1584 ornari.

289 1597 632 1661 ²—Ejusmodi
675 1600 898 1654 lucernae
923 1606 1150 1669 pensiles
1184 1616 1366 1661 erant:

284 1670 350 1724 ‘et
370 1678 623 1728 catenulis
647 1681 1096 1745 suspendebantur
1133 1700 1368 1738 accensae

286 1750 361 1800 ‘a'd
393 1753 583 1804 aedium
609 1757 800 1820 januas
825 1766 916 1810 aut
937 1759 1213 1815 fenestras,
1279 1765 1368 1816 Vi-

281 1826 465 1903 'dimus
486 1829 585 1895 ipsi
622 1834 674 1882 in
715 1834 873 1885 Italia
913 1852 1074 1888 aereas
1113 1840 1373 1903 ejtlsmodi‘

290 1903 535 1956 lucernas
580 1911 888 1977 complures,
939 1930 1065 1978 quas
1102 1917 1369 1969 intellexit

290 1980 454 2031 etiam
477 1983 647 2035 Poeta
667 1987 942 2054 Princeps,
968 1992 1184 2042 Pendmt
1207 1996 1370 2060 lychni

288 2058 591 2122 laquearibus
622 2064 814 2114 aureis!
879 2069 1029 2137 Quod
1067 2071 1148 2120 hae
1200 2072 1366 2123 lucer-

289 2148 376 2187 nae
412 2137 479 2186 ad
523 2139 764 2205 januam,
818 2150 1011 2208 praeter
1052 2148 1365 2201 Juvenalem

287 2211 658 2269 Tertullianus·
686 2219 858 2272 ‘docet
900 2224 967 2274 ad
1012 2215 1238 2277 uxorem·
1273 2228 1366 2280 lib.

291 2290 373 2339 ιιι.
432 2292 449 2320 ‘
471 2292 716 2344 Moratur
759 2299 866 2348 Dei
914 2301 1103 2351 ancilla
1146 2305 1202 2353 in
1247 2305 1366 2354 lari·

291 2365 392 2417 bus
418 2368 617 2434 alienis,
637 2377 693 2421 et
712 2372 851 2422 inter
871 2374 986 2425 illos
1010 2378 1245 2430 omnibus
1276 2381 1365 2431 ho-

288 2443 505 2495 noribus
533 2448 1123 2513 Daemonum,.omnibus
1149 2459 1367 2508 solenni-

273 2517 390 2570 *bus
413 2520 639 2590 Regum,
672 2526 956 2593 incipiente
996 2547 1149 2597 anno,
1183 2534 1367 2600 incipi-

289 2604 415 2648 ente
438 2615 633 2665 mense,
656 2604 839 2654 nidore
861 2606 1026 2657 thuris
1050 2611 1362 2675 agitabiturt

289 2680 349 2724 et
374 2676 626 2738 procedet
665 2679 732 2729 de
760 2678 925 2745 janua
955 2685 1187 2737 laureata
1211 2696 1267 2739 et
1290 2691 1366 2739 lu-

289 2755 526 2816 cernata,
566 2763 638 2804 ut*
658 2755 724 2806 de
764 2773 899 2810 novo
923 2762 1227 2815 consistorio
1250 2766 1365 2816 libi-

272 2826 469 2878 ·di'num
512 2832 871 2895 publicarum.’
937 2839 1091 2891 Quod
1131 2855 1255 2892 vero
1299 2844 1364 2893 ad

186 2944 193 2951 .
270 2904 546 2971 =fenestras
570 2907 747 2974 etiam,
771 2914 962 2976 prohat
986 2930 1054 2965 ex
1074 2917 1172 2967 hoc
1195 2919 1364 2969 Persii

276 2982 429 3049 2loco,·
463 3003 617 3053 quem
653 2990 808 3042 affert
830 2994 1056 3046 ibidem:
1108 2998 1242 3047 Vide
1271 2999 1366 3050 Ju-

287 3067 463 3116 venal.
484 3066 597 3118 Sat.
621 3082 727 3120 ιιι.
746 3074 825 3121 92.
860 3072 1011 3122 et'ibi
1034 3081 1298 3128 annotata.

290 3158 297 3163 ·
330 3146 453 3192 ’182
488 3143 812 3211 Rubrumque]
879 3150 1179 3213 Miniatum,
1203 3164 1293 3203 seu
1333 3169 1363 3204 e

286 3216 433 3288 terra
455 3220 628 3272 rubra.
682 3223 769 3272 Sic
790 3225 1026 3276 Martial.
1049 3227 1362 3293 Epigramm.

289 3308 374 3346 ιι.
400 3301 483 3345 28.
518 3298 535 3326 ‘
559 3298 898 3363 Paropsidem
922 3303 1130 3353 rubram
1146 3307 1363 3369 posuit!

288 3359 519 3423 131·st
565 3379 679 3424 114.
713 3378 728 3405 ‘
755 3378 986 3430 Cumano
1020 3381 1357 3435 rubicundam

287 3443 513 3514 pulvere
532 3452 758 3502 testam!

288 3550 303 3557 -
353 3527 589 3590 Amplexa
622 3530 839 3580 catinum*
857 3535 1007 3582 cauda
1043 3535 1207 3600 natat]
1274 3537 1360 3587 In-

289 3611 502 3668 gentem
530 3600 765 3656 'catinum
785 3609 1006 3674 implens
1031 3612 1215 3677 thynni
1239 3630 1360 3665 cau-

290 3680 360 3731 da
382 3681 433 3730 in
457 3682 579 3745 jure
601 3684 895 3738 conditorio
917 3695 1084 3752 natat,
1105 3692 1361 3755 epulanti-

288 3758 383 3808 bus
403 3760 624 3824 Judaeis,
641 3768 694 3811 et
714 3755 877 3814 festos
898 3765 1010 3816 dies
1034 3768 1325 3832 agentibus.

286 3861 303 3873 ·
357 3841 453 3886 183
491 3839 657 3889 Gauda
679 3841 874 3906 thynni]
912 3845 1078 3896 Piscis
1102 3857 1274 3912 notus,
1294 3849 1361 3900 de

286 3909 397 3977 quo*
426 3915 662 3978 pluribus
694 3916 823 3967 locis
845 3919 1166 3974 Athenaeus:
1219 3925 1359 3977 Plin.

239 4051 247 4056 ι
274 3982 368 4039 ux.
393 3992 474 4039 15.
496 3991 573 4049 sie
595 3992 789 4044 habet:
824 3995 839 4022 ‘
864 3996 1364 4067 Praeeipua·magni·

291 4066 472 4131 tudine
512 4069 712 4134 thynni.
813 4071 1113 4147 Invenimus
1161 4081 1364 4130 talenta

286 4142 583 4207 quindecim
607 4150 937 4214 pependisse.
973 4155 1218 4219 Ejusdem
1236 4166 1363 4220 'cau-

290 4219 373 4272 das
385 4220 712 4281 latitudinem
723 4227 827 4291 duo
839 4229 1015 4281 cubita
1031 4237 1087 4284 et
1103 4234 1363 4301 palmum‚’

292 4300 392 4348 dcc.

1525 1230 1693 1279 Tamet
1715 1231 1822 1280 alba
1826 1231 2002 1296 fidelia
2023 1231 2154 1294 vino]
2201 1231 2371 1295 Plena
2392 1231 2528 1305 scili-

1452 1300 1546 1355 'cet
1566 1305 1760 1369 fidelia,
1797 1322 1883 1357 vas
1922 1308 2181 1359 vinarium
2223 1324 2289 1358 ex
2326 1311 2526 1375 argilla.

1450 1381 1586 1431 Vide
1608 1381 1720 1432 Sat.
1745 1396 1832 1433 111.
2077 1384 2080 1387 ’

1446 1458 1453 1464 “
1516 1462 1613 1508 184
1647 1459 1807 1525 Labra
1828 1460 1980 1509 mones
1995 1460 2193 1524 tacitas]
2236 1461 2320 1511 Tu
2344 1477 2526 1527 super-

1450 1533 1681 1584 stitiosus
1703 1535 1904 1586 Judaeis
1940 1543 1994 1586 te
2032 1538 2315 1599 immisces,
2352 1539 2401 1587 in
2440 1553 2525 1588 eo-

1449 1624 1560 1660 rum
1596 1608 1919 1675 proseuchis,
1955 1628 2046 1662 seu
2100 1615 2524 1678 precationibus3

1450 1693 1507 1736 et
1528 1688 1764 1754 concipis
1795 1695 1921 1738 vota
1956 1691 2115 1740 tacito
2152 1706 2432 1760 murmure,
2456 1691 2524 1741 de

1449 1778 1551 1829 quo
1573 1763 1694 1814 vide
1717 1765 1827 1815 Sat.
1863 1779 1926 1816 11.
1950 1771 1999 1817 6.
2068 1767 2256 1817 Horat.
2277 1767 2447 1831 Epist.
2481 1781 2523 1817 1.

1448 1844 1529 1889 lo.
1566 1841 1581 1868 ‘
1601 1841 1769 1891 Labra
1790 1850 1966 1892 movet
1988 1851 2224 1893 metuens
2246 1845 2449 1896 audiri.’

1444 1931 1455 1939 ⁹
1514 1919 1832 1984 Reontitaque
1853 1921 2049 1970 sabbata
2063 1915 2236 1987 palles]
2284 1923 2413 1973 Cum
2430 1923 2525 1975 Ju-

1448 1993 1577 2044 daeis
1601 1995 1728 2044 colis
1763 1996 2017 2058 Sabbata,
2049 2004 2296 2058 tremens,
2329 2005 2524 2050 etsto-

1446 2070 1554 2118 lide
1593 2070 1884 2134 religiosus,
1987 2070 2145 2122 Certe
2192 2072 2519 2124 Judoeos‘ni-

1444 2146 1606 2197 mium
1643 2147 1740 2197 hac
1784 2148 1839 2196 in
1886 2162 1942 2197 re
1980 2149 2366 2212 superstitiosos
2409 2152 2523 2216 quis

1447 2213 1551 2273 n⁴on
1591 2222 1841 2289 fateatur,
1865 2239 1982 2274 cum
2017 2226 2191 2275 hostes
2230 2226 2525 2290 ingruentes

1446 2301 1857 2367 invadentesque
1879 2302 2107 2353 Sabbato
2148 2304 2422 2369 repellere,
2458 2321 2521 2356 ac

1444 2380 1586 2428 tueri
1611 2394 1684 2439 se,
1718 2380 1951 2443 religioni
1976 2381 2264 2442 ducerent3
2317 2383 2439 2447 quin
2465 2375 2521 2433 e't

1448 2455 1711 2506 Christum
1770 2458 2051 2527 Dominum
2107 2459 2410 2527 incusarent
2466 2465 2543 2510 et‘

1448 2533 1869 2598 criminarentur,
1915 2537 2054 2602 quod
2102 2551 2265 2602 aegros
2315 2544 2524 2588 sanaret

1447 2604 1533 2661 die
1555 2612 1771 2663 Sabbati
1791 2615 1828 2662 ?'
2080 2642 2088 2652 ·
2501 2614 2508 2619 ’

1512 2690 1765 2754 Reontita]
1799 2691 2094 2761 Hypallage
2115 2692 2288 2744 Judaei
2311 2692 2524 2744 recutiti

1447 2765 1757 2817 dicebantur
1788 2769 1854 2818 ob
1898 2769 2252 2818 circumcisam
2277 2769 2523 2835 praeputii

1444 2849 1618 2891 cutem
1639 2859 1652 2892 ε
1690 2843 1765 2892 sic
1789 2850 1846 2893 et
1869 2844 2093 2894 Horatio
2114 2846 2302 2909 Apella,
2343 2845 2397 2895 id
2422 2844 2521 2909 est,

1445 2918 1557 2968 sine
1595 2921 1751 2983 pelle,
1786 2921 1989 2971 seilicet
2028 2921 2083 2970 in
2121 2936 2184 2971 ea
2224 2936 2376 2986 quam
2414 2922 2522 2973 dixi

1447 2997 1681 3058 corporis
1705 3005 1877 3061 parte,
1902 2998 2050 3061 euius
2090 2999 2410 3049 circumcisio
2447 2999 2524 3049 di-

1444 3073 1568 3120 vino
1583 3064 1730 3136 jussu
1752 3074 1997 3123 mandata
2020 3075 2322 3138 designabat
2345 3076 2519 3126 cordis

1445 3152 1827 3214 separationem
1863 3168 1894 3203 a
1933 3154 2324 3234 cupiditatibus,
2346 3162 2407 3205 ut
2445 3155 2522 3206 ait

1443 3230 1769 3295 Lactantius,
1795 3239 1851 3282 et
1871 3233 1976 3282 alii.
2091 3230 2096 3234 ’

1505 3308 1740 3372 Sabbata]
1761 3310 1880 3360 Vox
1903 3318 1984 3360 est
1999 3309 2263 3361 Hebraica
2287 3311 2524 3377 requiem

1440 3384 1757 3450 significans,
1780 3395 1835 3435 et
1870 3387 2005 3453 diem
2041 3387 2378 3448 hebdomadae
2402 3403 2520 3453 sep-

1440 3461 1640 3523 timam,
1677 3463 1791 3512 Deo
1819 3463 2040 3528 jubente
2064 3479 2159 3529 per
2181 3465 2404 3529 Mosem,
2424 3465 2519 3516 Ju-

1440 3539 1570 3589 daeis
1609 3538 1877 3604 feriatam,
1911 3548 2022 3591 tum
2063 3547 2122 3611 ut
2164 3541 2521 3591 meminissent

1440 3618 1584 3668 orbis
1629 3634 1660 3668 a
1706 3619 1826 3669 Deo
1874 3619 2071 3691 conditi
2109 3624 2165 3668 et
2204 3634 2294 3668 sex
2335 3612 2518 3667 diebus

1442 3690 1674 3758 perfecti
1697 3712 1711 3756 ;
1763 3703 1872 3745 tum
1891 3696 2048 3745 etiam
2068 3711 2174 3745 suae
2200 3691 2264 3744 ex
2289 3694 2521 3759 AEgypto

1440 3770 1779 3822 liberationis„
1850 3772 1955 3821 Hic
1976 3787 2098 3821 vero
2119 3771 2329 3822 Sabbata
2347 3786 2521 3836 quam-

1441 3848 1574 3898 libet
1618 3848 1922 3899 Judaeorum
1976 3847 2338 3898 celebritatem
2385 3846 2520 3917 indi-

1445 3941 1566 3977 care
1591 3926 1854 3989 videntur,
1872 3941 1965 3990 per
1985 3925 2369 3989 metonymiam.

1512 4003 1695 4066 Palles]
1745 4004 1864 4053 Sive
1897 4002 2267 4066 obflejunium,
2289 3998 2426 4066 quod
2449 3996 2536 4053 ad

1443 4095 1714 4144 vesperam
1755 4079 1929 4130 Judaei
1972 4078 2281 4139 servabant3
2334 4089 2425 4127 seu
2450 4077 2520 4127 ob

1442 4162 1636 4205 metum
1662 4155 2078 4220 superstitiosum
2099 4171 2114 4215 ;
2162 4168 2252 4203 seu
2278 4153 2343 4203 ob
2369 4166 2518 4222 squa-

1441 4232 1625 4296 lorem,
1646 4237 1703 4282 et
1725 4233 1949 4281 cinerem
1977 4245 2080 4295 quo
2101 4230 2177 4281 illi
2201 4246 2257 4280 se
2277 4245 2520 4294 consper-

1443 4310 1640 4378 gebant
1676 4309 1729 4359 in
1764 4308 2005 4362 sabbatis
2029 4308 2216 4363 saltem
2237 4306 2517 4373 aliquibus-
