3084 4934
251 3684 256 3689 -
353 3649 547 3714 quirit?

1279 424 1558 491 SATIRA
1616 438 1705 497 12,
1777 460 1785 465 ·

371 592 637 670 Dicere,
667 611 773 656 res
799 589 1077 675 grandes
1103 594 1330 654 nostro
1358 586 1477 652 dat
1506 585 1715 650 Musa
1741 582 1987 668 poetae.
2057 626 2062 631 -

451 692 633 759 Ecce
659 693 859 761 modo
885 693 1133 757 heroas*
1150 704 1387 756 sensus
1416 690 1647 754 afferre
1675 687 1983 754 videmus

358 795 626 881 ›Nugari
659 797 888 860 solitos
903 794 1183 873 Graece,
1211 813 1338 858 nec
1368 786 1616 877 ponere
1646 792 1869 857 lucum

367 899 704 976 ArtificeS,
733 919 855 963 nec
881 916 990 963 rus
1020 903 1316 962 ‘saturum
1341 895 1636 972 laudare,
1664 893 1781 957 ubi
1807 892 2074 971 corbes,-

368 1003 453 1068 Et
479 1003 696 1081 focuS,
725 993 792 1067 et
813 1002 1023 1087 porci,
1054 1008 1120 1067 et
1147 1000 1411 1073 fumosa
1440 999 1689 1064 Palilia
1714 997 1939 1079 foeno-;

363 1201 575 1265 delicias,
607 1216 690 1250 seu
708 1201 760 1250 in
778 1201 982 1264 prandia
1005 1201 1212 1263 Regum,
1252 1200 1398 1249 Musa
1424 1198 1436 1212 ”

1416 1198 1624 1263 turp-'m
1654 1195 1879 1251 sublimia
1900 1198 2058 1244 mro
2099 1192 2232 1243 Vati.
2300 1192 2427 1241 Eune
2443 1201 2571 1239 nunc

362 1269 596 1316 cemimus
612 1268 853 1316 nonnullos
871 1267 1074 1315 scribere
1094 1267 1285 1315 heroum
1296 1264 1455 1325 facta,
1474 1266 1555 1327 qui
1572 1262 1779 1311 solebant
1797 1264 2007 1310 tractare
2025 1273 2180 1322 nugas
2204 1258 2390 1321 Groece‚
2412 1258 2457 1305 et
2479 1269 2576 1304 non

354 1333 540 1396 peritos
558 1332 818 1381 describere
848 1347 1045 1391 nemu-95
1075 1347 1159 1380 nec
1179 1331 1411 1380 celebrare
1432 1340 1604 1390 agrum
1626 1327 1957 1387 abundantem,
1990 1327 2043 1373 in
2065 1340 2152 1388 quo
2173 1322 2382 1387 cophini,
2421 1326 2468 1370 et
2489 1335 2572 1369 cn-

360 1397 534 1463 minus,
564 1402 611 1447 et
630 1413 752 1460 sues,
789 1402 837 1447 et
862 1397 998 1458 festa
1019 1398 1156 1446 Palis
1187 1398 1319 1446 Deae
1344 1395 1477 1456 foeno
1502 1394 1715 1444 ardente
1727 1391 2000 1452 fumantia.-
2034 1405 2095 1440 ex
2115 1405 2204 1454 quo
2228 1402 2348 1441 rure
2371 1385 2572 1452 prodiit

1292 1530 1467 1550 ““““

1475 1528 1652 1549 ““““

340 1629 483 1678 ‘darn
507 1627 652 1678 Editi
674 1625 980 1691 praeferunt.
1019 1625 1412 1676 caccubum—69
1445 1623 1601 1674 Hanc
1623 1623 1955 1686 scripturam,
1979 1620 2205 1680 videtum,
2230 1617 2385 1668 etiam
2407 1620 2579 1664 vetus-

364 1693 547 1744 tissimi
571 1695 776 1758 quidam
801 1692 945 1742 Libri
969 1698 1207 1741 servant:
1243 1690 1415 1740 firmat
1438 1688 1579 1753 quod
1601 1689 1853 1753 sequitur,
1874 1702 1981 1735 cum
2010 1685 2173 1734 videas
2192 1703 2208 1733 :
2241 1691 2297 1732 et
2318 1683 2393 1731 ita
2427 1693 2579 1744 supe·

363 1760 485 1823 rius,
501 1760 600 1808 Hic
620 1773 767 1822 neque
785 1774 913 1808 more
931 1757 1073 1820 probo
1085 1757 1246 1807 videas
1261 1774 1276 1805 .-
1300 1756 1475 1820 placet
1495 1760 1670 1804 tamen
1691 1756 1921 1814 docemus,
1942 1766 2057 1801 cum
2078 1747 2350 1813 Bongarsii
2365 1745 2578 1808 Codice,

364 1830 419 1875 et
441 1825 697 1874 nonnullis
719 1824 848 1873 aliis.
884 1822 1074 1872 Refero
1086 1824 1232 1871 enim
1263 1821 1330 1870 ad
1355 1823 1596 1869 doctores
1613 1818 1926 1883 juventutis,
1954 1817 2043 1880 qui
2062 1830 2237 1865 eorum
2262 1814 2441 1863 inanes
2466 1810 2576 1860 ani-

360 1902 472 1943 mos
490 1902 660 1940 rerum
684 1886 984 1969 cognitione
1000 1889 1068 1938 ad
1087 1902 1274 1951 magna
1296 1887 1439 1950 prius
1465 1885 1694 1950 aspirare
1726 1882 2126 1947 praecipiebant,
2157 1895 2310 1946 quam
2335 1878 2389 1928 in
2412 1875 2580 1943 planis

1358 2036 1579 2088 NOTAE

356 2174 632 2239 Tragoedia
655 2190 770 2240 quae
809 2173 1109 2237 Principum
1144 2171 1286 2222 facta
1307 2186 1426 2221 con-

357 2253 511 2304 tinet.
545 2251 746 2303 Alludit
766 2252 849 2302 hic
869 2250 1080 2301 Persius
1098 2250 1164 2299 ad
1185 2251 1426 2313 Thyestae

357 2345 575 2394 coenam,
617 2331 670 2381 in
711 2332 813 2396 qua
849 2330 936 2378 ille
974 2335 1151 2379 coctos
1191 2325 1323 2376 filies
1361 2321 1427 2376 ab

359 2405 523 2457 Atreo
557 2406 742 2470 fratre,
780 2407 967 2456 inscius
1009 2408 1103 2466 rei,
1141 2412 1197 2455 et
1235 2405 1427 2469 impru-

360 2485 486 2535 dens
510 2485 798 2535 devoravit.
866 2483 1002 2534 Vide
1026 2483 1275 2534 Senecam
1303 2472 1428 2533 Tra-

359 2563 548 2627 gicum.

421 2645 488 2691 68
521 2641 622 2691 Res
636 2642 863 2705 grandes,
879 2638 987 2703 ξω]
1052 2638 1264 2707 Ironica
1307 2644 1427 2688 sunt

358 2721 476 2772 ista.

420 2802 487 2848 69
520 2800 646 2849 Ecce
689 2799 822 2847 modo
858 2798 1040 2861 Ιιενοαε,
1075 2799 1183 2862 ξω]
1237 2795 1425 2846 Heroi-

356 2890 472 2927 cum
518 2891 729 2927 carmen
772 2875 1100 2925 scribendum
1154 2875 1424 2925 nonnullos

355 2953 615 3004 cernimus
634 2952 924 3017 suscipere,
961 2952 1119 3001 etiam
1141 2950 1424 3015 imperitos.

418 3036 484 3083 *10
541 3032 751 3093 Nugari'
770 3032 935 3080 solitos
972 3029 1164 3092 Graece]
1210 3028 1293 3079 An
1333 3028 1422 3093 qui

354 3109 586 3159 cartnina
608 3110 908 3159 Graecorum
937 3107 1116 3170 inepte
1135 3107 1189 3155 in
1210 3104 1425 3155 Latinos

357 3201 535 3256 versus
579 3187 916 3248 transferunt,
971 3191 1032 3234 ut
1073 3184 1199 3234 fecit
1238 3182 1424 3234 Actius

354 3254 566 3313 Labeo?
633 3262 715 3311 An
759 3263 849 3327 qui
893 3263 1142 3324 Linguam
1185 3261 1425 3311 Graecam

353 3341 441 3391 vix
464 3341 585 3390 dum
608 3340 924 3403 deliberant,
952 3355 1122 3405 neque
1146 3339 1276 3389 adeo
1298 3338 1424 3388 satis

342 3417 548 3467 ,eruditi
590 3416 831 3467 videntur
870 3416 938 3466 ad
978 3418 1082 3467 tale
1119 3421 1424 3480 tantumque

350 3509 503 3558 opuS,
556 3494 711 3558 quale
761 3499 843 3543 est
898 3494 1125 3557 Epicum
1181 3493 1429 3553 Carmen,

352 3571 488 3636 quod
529 3586 754 3620 summos
793 3586 889 3635 per
922 3571 1094 3620 omnia
1125 3569 1320 3619 Poetas
1343 3583 1422 3618 re-

637 3651 843 3714 Legunt
881 3649 1066 3714 aliqui:
1124 3649 1247 3698 Ecce
1288 3646 1422 3695 modo

348 3727 515 3777 herm
556 3742 718 3777 sensus
748 3726 936 3792 vafferre
978 3729 1208 3786 decernas,
1247 3722 1424 3786 nugari

348 3806 512 3857 solitos
526 3805 721 3855 Graece:
744 3805 991 3868 aiuntque
1014 3801 1323 3866 reprehendi
1345 3801 1422 3864 ip-

350 3893 431 3932 sos
475 3883 754 3948 Magistros
795 3896 856 3931 ac
893 3881 1278 3943 Praeceptores,
1332 3874 1420 3942 qui

350 3959 637 4024 discipulos
661 3973 777 4008 suos
796 3957 1114 4007 instituendo
1134 3956 1198 4005 ad
1217 3953 1422 4019 grandi-

350 4036 690 4102 loquentiam,
728 4050 828 4084 non
873 4042 977 4084 tam
1023 4030 1088 4084 ad
1128 4032 1421 4094 sublimem,

352 4128 507 4178 quam
530 4111 598 4162 ad
637 4111 904 4176 turgidum
941 4113 1280 4177 ineptumque
1312 4118 1419 4174 sty-

352 4192 459 4241 lum
481 4204 570 4240 eos
604 4189 968 4239 deducebant:
1005 4187 1144 4254 quod
1174 4186 1419 4237 videntur

352 4266 660 4319 confirmare
682 4266 991 4333 sequeutia:
1017 4265 1122 4329 ubi,
1143 4280 1226 4314 nec
1243 4278 1418 4331 ponere

351 4348 508 4401 lucum
529 4345 758 4414 artifices,
779 4347 860 4411 85⁶.
897 4343 1053 4409 rudes
1075 4340 1323 4395 tirunculi
1344 4341 1418 4390 in-

1508 2168 1674 2232 telligi
1698 2171 1934 2232 possunt,
1958 2164 2091 2214 sicut
2113 2166 2169 2211 et
2186 2157 2368 2224 nugari
2386 2157 2577 2208 Graece

1507 2236 1666 2310 soliti,
1698 2260 1815 2295 cum
1851 2245 2031 2293 Romae
2064 2232 2576 2307 juveneleiuguam

1508 2324 1728 2388 primum
1772 2321 2013 2371 Graecam
2053 2314 2234 2366 doceri
2286 2311 2579 2362 consuevis-

1507 2407 1644 2453 sent.
1723 2401 1919 2449 Verum
1956 2396 2032 2445 his
2077 2392 2313 2444 omnibus
2360 2390 2578 2452 omissis,

1508 2480 1685 2544 placet
1750 2472 2088 2540 interpretari
2116 2488 2132 2533 3
2186 2471 2240 2520 in
2300 2468 2577 2519 scribendo

1507 2557 1763 2619 lascivire,
1800 2568 1943 2604 more
1964 2552 2286 2612 Graecorum,
2315 2542 2498 2611 quibus
2520 2543 2575 2594 id

1505 2633 1759 2685 familiare
1799 2632 1855 2681 in
1898 2626 2359 2693 descriptionibus,
2426 2630 2484 2674 et
2521 2623 2576 2673 in

1505 2713 1620 2763 aliis
1644 2710 1851 2776 passim.

1498 2848 1505 2851 ,
1569 2792 1679 2841 Nec
1697 2802 1867 2854 ponere
1895 2788 2050 2837 lucum
2077 2782 2306 2849 artifices,
2333 2776 2440 2843 aa]
2472 2778 2577 2828 Vix

1504 2867 1702 2933 peritos
1751 2868 1979 2915 tractare
2024 2866 2085 2910 ut
2128 2850 2286 2909 decet
2341 2853 2579 2907 faciliore

1506 2948 1832 3007 argumenta,
1865 2941 1919 2990 in
1951 2939 2135 3004 quibus
2172 2930 2342 2986 solent
2377 2932 2576 2982 tirones

1507 3007 1772 3071 exerceri:
1811 3015 1985 3081 qualia
2020 3019 2142 3063 sunt
2176 3009 2462 3074 descriptio
2485 3022 2575 3058 ne-

1505 3097 1682 3158 moris,
1736 3092 1969 3143 laudatio
2014 3090 2089 3139 rei
2131 3088 2355 3138 rusticae.
2423 3081 2576 3135 ‘vide

1506 3175 1696 3224 Horat.
1722 3171 1870 3221 initio
1893 3167 2037 3218 Artis
2061 3166 2310 3216 Poeticae.
2399 3163 2581 3228 Suspi-

1506 3259 1657 3302 catur
1695 3249 1780 3297 hic
1824 3244 2155 3296 Casaubonus
2202 3241 2440 3291 Persium
2484 3240 2575 3289 ha-

1502 3328 1674 3378 buisse
1694 3326 1747 3377 in
1772 3324 1941 3386 anipo
1980 3323 2209 3386 ineptum
2235 3316 2459 3383 aliquem
2495 3314 2575 3366 sui

1504 3396 1754 3468 temporis
1789 3399 2029 3458 Poetam,
2068 3397 2154 3461 qui
2195 3397 2260 3445 de
2295 3411 2352 3445 re
2380 3393 2577 3445 rustica

1503 3495 1715 3532 carmen
1760 3477 1972 3543 aliquod
2011 3474 2330 3524 inconditum
2364 3472 2573 3535 compo-

1501 3558 1707 3620 suisset,
1742 3570 1840 3620 quo
1860 3553 1997 3603 forte
2033 3555 2369 3614 congesserat
2391 3548 2571 3612 inepte

1501 3634 1740 3701 plurima,
1777 3639 1837 3681 ut
1860 3630 1994 3680 festa
2016 3627 2178 3689 Palis,
2216 3625 2355 3676 urbis
2393 3625 2572 3675 Romae

1504 3712 1791 3777 originem,
1814 3705 2109 3758 Cincinnati
2127 3701 2419 3765 Dic-tatoris
2452 3698 2575 3752 His.

1503 3791 1721 3842 tor-iam:
1757 3788 1812 3837 e't
1848 3783 2133 3835 leviuscula
2154 3783 2320 3830 multa
2342 3780 2572 3831 studiose

1503 3870 1801 3934 complexus
1823 3863 2013 3925 fuerat,
2050 3866 2110 3910 ut
2137 3858 2341 3920 corbes,
2377 3856 2573 3921 focum,

1500 3961 1707 4013 porcos,
1726 3948 1824 3994 ὅτε.
1858 3941 1935 3991 At
1951 3938 2292 4004 suspicionem
2316 3934 2406 3986 ille
2428 3950 2573 3986 suam

1500 4026 1643 4075 nullo
1667 4021 1821 4072 fulcit
1844 4022 2164 4081 argumento,

1567 4096 1628 4152 '71
1665 4093 2023 4158 Russaturum]
2070 4090 2269 4156 Agrum
2311 4090 2575 4141 abundan-

1500 4189 1608 4233 tem
1625 4180 1778 4234 rebus
1801 4172 2051 4228 omnibus.

1564 4265 1629 4313 72
1662 4255 1869 4319 Palilia]
1916 4253 2073 4304 Pales
2109 4252 2229 4302 Dea
2273 4250 2571 4313 Pastorum,

1503 4339 1571 4391 ab
1592 4337 1658 4393 iis
1680 4333 1951 4389 colebatur
1964 4344 2043 4381 xr.
2066 4329 2190 4381 Kal.
2213 4324 2342 4381 Mai.
2393 4324 2445 4383 id
2472 4324 2571 4391 est,
