3084 4934
1230 394 1398 445 ΕΔΤ]
1409 394 1511 445 ΒΔ
1560 394 1674 453 lu.

342 572 769 658 Compositus
795 574 994 650 lecto,
1024 562 1402 656 crassisque
1432 573 1683 638 lutatus
1720 574 2024 651 amomiS,

340 674 426 739 In
448 683 708 760 portam
736 677 985 759 rigidos
1016 678 1234 741 calces
1264 676 1591 741 extendit:
1641 684 1708 742 at
1736 678 1924 741 illum

343 778 662 843 Hesterni
695 782 917 864 capite
949 781 1176 844 induto
1206 781 1463 844 subiere
1492 780 1814 858 Quirites,

2409 674 2545 742 105

427 885 448 914 ‘
478 878 711 964 Tange
740 885 937 946 miser
965 902 1193 959 venaS,
1224 888 1292 947 et
1319 902 1490 966 pone
1518 884 1588 947 in
1615 889 1883 968 pectore
1914 884 2216 947 dextram
2243 903 2259 947 z

343 981 464 1047 Nil
495 985 669 1048 calet
694 986 838 1050 hic:
892 970 1316 1069 summosque
1345 987 1553 1071 pedes
1585 989 1830 1069 attinge
1857 1005 2255 1071 manusque:

327 1181 459 1245 felix
477 1185 674 1250 denique

693 1186 941 1237 collocatus
961 1187 1097 1236 thero
1116 1185 1358 1247 minati,
1377 1189 1424 1234 et
1454 1184 1675 1249 perfusas
1693 1198 1869 1232 amomo
1889 1183 2069 1246 copioso
2089 1181 2271 1246 prefert
2290 1182 2431 1244 pedes
2447 1180 2550 1239 sri-

336 1252 476 1310 eidos
495 1253 877 1312 versusjanuam.
944 1252 1043 1301 Sed
1068 1251 1267 1300 Romam·
1297 1251 1526 1299 hesterna!
1556 1251 1652 1298 diei
1685 1250 1817 1297 illum
1847 1252 2148 1310 gestaverunt
2182 1247 2336 1309 capite
2368 1250 2546 1308 operto.

340 1315 389 1371 Ο
412 1314 610 1378 infelix,
641 1321 845 1367 attrecta
878 1332 1035 1378 venas,
1066 1321 1113 1365 et
1144 1331 1321 1379 appone
1353 1330 1540 1367 manum
1576 1317 1640 1365 ad
1673 1315 1934 1364 thoracem:
1968 1314 2068 1363 illic
2106 1312 2225 1367 nihil
2256 1311 2423 1361 calaris
2460 1318 2547 1362 est.

342 1379 505 1445 Tange
526 1387 760 1435 extremas
781 1383 923 1439 etiam
939 1383 1132 1447 plantas
1161 1388 1210 1431 et
1228 1396 1408 1431 manus.
1477 1381 1589 1429 Non
1610 1385 1719 1429 sunt
1728 1378 1951 1441 frig-idae.
2022 1379 2221 1434 Quando
2257 1392 2367 1426 casu
2399 1390 2544 1441 appa·

1260 1517 1464 1536 “““““

1468 1516 1617 1535 “““

1093 1613 1189 1658 106
1219 1609 1373 1677 capite
1394 1610 1583 1658 inducto
1604 1609 1706 1658 Ms.
1735 1608 1797 1657 R.

1339 1768 1558 1822 NOTAE

336 1879 527 1930 mentis
551 1886 604 1929 et
619 1881 842 1945 pulvinis
864 1890 1223 1946 exaggeratus.
1265 1884 1402 1935 Mar·

340 1956 449 2008 tiai.
474 1959 510 2007 1.
530 1971 653 2009 vm,
669 1958 916 2023 Epig.44.
939 1965 952 1988 ‘
974 1960 1160 2008 Fartus
1185 1974 1401 2024 papyro,

335 2040 447 2084 tum
491 2034 589 2084 tibi
631 2036 805 2085 thorus
843 2032 1069 2086 crescit!
1134 2039 1234 2085 Seu
1284 2038 1403 2102 quia

335 2112 489 2161 nixus
544 2120 659 2164 erat
703 2113 932 2163 eburneo
980 2111 1162 2163 fulcro.
1228 2115 1401 2164 Testis

336 2188 582 2254 Propert.
603 2192 637 2239 i.
663 2205 729 2241 11.
765 2194 780 2219 ‘
807 2193 922 2241 Nec
947 2192 1066 2240 mihi
1093 2198 1200 2240 tum
1235 2190 1400 2242 fulcro

339 2276 604 2317 sternatur
627 2270 794 2318 iectus
818 2270 1031 2319 eburno.
1103 2271 1216 2320 Nec
1251 2256 1324 2320 sit
1349 2270 1399 2318 in

337 2342 574 2399 Attalico
597 2360 732 2395 mors
755 2361 867 2395 mea
890 2347 1222 2411 nixathoro!

403 2425 498 2471 1⁰4
538 2423 768 2487 Lutatus]
806 2423 1086 2488 pinguibus
1127 2424 1400 2487 unguentis

336 2505 395 2547 ut
413 2498 527 2547 luto
551 2501 788 2563 perlitus·

398 2575 637 2638 Antoniis]
685 2578 931 2626 Amomum
955 2575 1126 2626 frutex
1163 2578 1398 2641 exiguus,

340 2653 612 2717 exquisitis
636 2653 864 2702 serviens
893 2655 1184 2719 unguentis,
1251 2658 1401 2706 Dios-

338 2729 500 2785 corid.
524 2743 566 2778 ι.
588 2734 668 2779 14.
705 2730 843 2779 Plin.
868 2744 972 2783 ιιι.
996 2737 1076 2782 13.

401 2810 497 2857 105
534 2807 593 2855 In
609 2806 817 2871 portam]
865 2809 1001 2867 Quia
1036 2815 1239 2874 portam
1274 2810 1401 2858 Per-

336 2881 438 2931 sius
462 2882 607 2947 dicit,
622 2891 843 2947 arguunt
865 2887 1020 2951 aliqui
1044 2897 1196 2939 extra
1217 2887 1397 2937 urbem

337 2957 509 3008 efferri
531 2969 776 3027 mortuos,
795 2970 848 3012 et
865 2963 1115 3011 incassum
1136 2964 1295 3012 muita
1319 2964 1398 3013 hic

337 3046 620 3100 congerunt
643 3055 654 3087 :
709 3039 798 3088 sed
846 3040 1212 3104 intelligendus
1254 3043 1399 3090 locus

338 3113 404 3163 de
417 3116 579 3177 janua
599 3115 777 3165 domus
801 3116 863 3165 ad
888 3132 1039 3181 quam
1065 3124 1292 3167 mortuus
1313 3117 1400 3165 ilie

336 3193 635 3243 collocatus.
716 3194 801 3245 Ita
845 3194 1177 3245 casaubonus
1218 3200 1273 3244 et
1314 3194 1400 3243 alii

337 3267 640 3318 doctissimi.

399 3344 460 3393 In
507 3351 696 3409 portam
745 3345 925 3407 rigidos
967 3347 1112 3395 calces
1165 3346 1400 3411 extendit]

334 3422 510 3472 Versis
526 3434 710 3485 nempe
730 3423 782 3471 in
795 3423 1004 3486 januam
1021 3423 1254 3487 pedibus.
1281 3425 1399 3473 Mos

336 3506 448 3548 erat
468 3501 658 3565 exponi
692 3497 966 3551 defunctos
988 3505 1044 3548 et
1066 3498 1240 3548 efferri
1265 3500 1399 3564 pari-

334 3582 416 3624 ter
432 3576 851 3638 praecedentibus
874 3575 1109 3639 pedibus.
1147 3567 1280 3625 Ptin.
1302 3591 1399 3628 vn.

304 3660 313 3665 “
335 3655 382 3700 8.
409 3652 425 3680 ‘
450 3651 575 3700 Ritu
600 3661 798 3699 naturae
817 3652 988 3716 capite
1011 3653 1266 3702 hominem
1292 3653 1400 3717 gig-

335 3728 388 3777 ni
411 3743 520 3777 mos
544 3736 644 3789 est,
669 3726 886 3790 pedibus
910 3725 1119 3779 efferri!

326 3799 355 3842 f
402 3810 497 3856 106
531 3805 759 3854 Hesterni
784 3805 1018 3869 Quirites]
1051 3804 1195 3854 Servi
1233 3819 1400 3869 nuper

334 3878 399 3941 ab
423 3898 484 3932 eo
507 3882 752 3931 libertate
782 3882 976 3944 donati,
1001 3890 1054 3930 et
1089 3881 1243 3945 paulo
1277 3889 1399 3931 ante

335 3975 396 4009 ae
421 3966 667 4009 recenter
684 3957 810 4008 facti
822 3958 972 4007 -cives
998 3958 1236 4007 Romani.

396 4036 620 4101 Subiere]
650 4035 759 4085 Aut
776 4049 1086 4099 praecessere
1102 4033 1274 4097 funuS,
1292 4040 1399 4093 aut,

333 4121 627 4179 portavere.
679 4112 796 4161 Mos
819 4119 935 4160 erat
955 4120 1014 4161 ut
1031 4112 1205 4161 liberti
1229 4111 1400 4175 prodi-

335 4197 452 4242 rent
466 4191 644 4255 piieati
660 4196 782 4238 ante
804 4202 990 4252 corpus
1007 4187 1399 4237 manumissoris.

334 4267 420 4329 Ita
442 4272 592 4327 vetus
615 4266 818 4317 Glosu.
882 4263 958 4316 At
979 4264 1253 4319 observare
1273 4264 1400 4317 licet

1483 1899 1599 1935 eum
1625 1884 1947 1948 Casaubono,
1967 1898 2086 1933 cum
2122 1883 2293 1948 piures
2317 1886 2468 1931 eraut
2489 1879 2548 1928 ii·

1482 1961 1637 2024 berti,
1664 1962 1793 2012 alios
1814 1961 2068 2013 feretrum
2091 1967 2315 2026 gestare,
2333 1959 2459 2011 alios
2480 1957 2547 2007 ad

1483 2041 1615 2091 latus
1672 2040 1956 2103 procedere
2012 2045 2066 2088 et
2111 2038 2305 2089 ambire
2350 2036 2546 2089 soiitoS.

1483 2115 1642 2164 Certe
1666 2115 1792 2176 vox‘,
1801 2115 1975 2179 subire,
1991 2113 2248 2178 significat
2270 2117 2365 2161 hoe
2384 2111 2546 2175 magis

1482 2207 1633 2256 quam
1670 2192 1827 2253 iiiud;
1861 2193 1963 2242 imo
1996 2191 2144 2256 sequi
2183 2190 2356 2254 potius
2391 2202 2548 2252 quam

1481 2268 1804 2333 praecedere,
1839 2267 2186 2332 significaret:
2240 2265 2374 2333 quod
2409 2269 2551 2317 esset

1481 2352 1659 2394 contra
1684 2345 1995 2399 institutum.

1550 2423 1720 2486 Capite
1740 2421 1925 2485 induto]
1960 2420 2109 2473 Quod
2140 2421 2341 2483 signum
2378 2425 2458 2468 est
2489 2418 2548 2466 ii-

1481 2497 1714 2549 bertatis,
1799 2500 1927 2549 Cum
1971 2512 2157 2561 nempe
2198 2496 2334 2546 servi
2377 2510 2551 2545 manu,

1479 2576 1835 2639 mittebantur,
1857 2576 1908 2624 in
1931 2575 2121 2639 templo
2143 2574 2373 2623 Feroniae
2394 2573 2549 2625 iiber·

1479 2661 1648 2705 torum
1671 2656 1823 2711 Deae,
1849 2669 1964 2702 raso
1989 2652 2157 2715 capite
2194 2652 2380 2714 pileum
2418 2650 2550 2699 acci·

1480 2730 1707 2793 piebant.
1774 2731 1932 2779 Piaut
1954 2730 2005 2778 in
2029 2728 2291 2792 Amphitr.
2326 2731 2339 2755 ‘
2368 2727 2549 2777 Faciat

1478 2808 1708 2870 Jupiter,
1725 2814 1784 2857 ut
1808 2823 1906 2871 ego
1928 2808 2011 2855 hic
2033 2805 2204 2866 bodie,
2226 2819 2335 2852 raso
2357 2802 2550 2865 capite,

1483 2885 1658 2934 calvus
1698 2885 1898 2948 capiam
1936 2880 2165 2955 pileum.'
2240 2881 2375 2929 Vide
2414 2876 2551 2933 infra

1479 2961 1590 3011 Sat.
1616 2973 1669 3008 ν.
2289 2962 2292 2965 “

1547 3041 1640 3086 107
1676 3037 1837 3098 Tange
1860 3036 2002 3084 miser
2022 3033 2184 3096 renas]
2218 3033 2333 3085 Jam
2357 3033 2548 3082 Centu-

1481 3114 1558 3162 rio
1610 3113 1838 3163 hircosns
1886 3112 2132 3163 adversus
2178 3110 2546 3173 Philosophum·

1481 3189 1718 3252 insurgit,
1734 3194 1788 3238 et
1811 3188 1957 3251 dicit,
1975 3187 2115 3243 Quid
2133 3186 2252 3235 mihi
2274 3200 2467 3249 aegrum
2492 3191 2549 3241 et

1481 3266 1835 3330 agritudinem
1861 3254 2061 3324 narras,
2099 3264 2185 3328 qui
2225 3263 2353 3310 bene
2379 3262 2547 3321 valeo,

1481 3358 1577 3392 nee
1615 3343 1848 3399 morbum
1884 3349 1974 3397 ant
2011 3340 2176 3392 morbi
2214 3339 2405 3391 indicia
2447 3339 2551 3393 ulla

1479 3419 1682 3468 habeo?

1548 3497 1707 3557 Tange
1729 3507 1886 3558 venas,
1905 3498 1956 3544 et
1989 3508 2108 3558 pone
2139 3493 2192 3542 in
2221 3498 2407 3556 pectore
2437 3493 2553 3547 dex-

1477 3572 1628 3636 tram]
1663 3573 1893 3637 Explora
1921 3572 2143 3636 pulsum,
2166 3577 2220 3618 et
2242 3569 2415 3625 cordis
2441 3584 2550 3625 mo-

1480 3649 1694 3699 tionem.

1548 3730 1642 3776 108
1683 3726 1771 3774 Nil
1810 3727 1928 3775 calet
1964 3724 2063 3787 hic]
2120 3722 2431 3773 Immodicus
2476 3722 2550 3779 ibi

1481 3806 1623 3873 calor
1640 3805 1810 3854 nulius
1833 3812 1931 3866 est,
1949 3803 2179 3868 adeoque
2196 3802 2325 3853 febri
2342 3816 2422 3851 me
2447 3815 2551 3853 non

1479 3882 1715 3931 laborare
1734 3880 2013 3938 fatendum·
2029 3889 2109 3930 est
2136 3881 2248 3929 tibi.
2327 3912 2330 3915 Δ

1545 3957 1846 4021 Samnitesque
1879 3960 2021 4021 pedes
2052 3957 2237 4018 attinge
2274 3953 2552 4019 mnusque]

1479 4034 1619 4093 Vide
1644 4035 1798 4087 etiam
1821 4035 2045 4085 naturali
2080 4049 2142 4083 ae
2171 4034 2393 4098 genuino
2416 4033 2552 4084 caio-2

1482 4126 1539 4160 re
1566 4112 1725 4174 probe
1747 4110 2023 4163 instructas
2058 4124 2172 4158 esse
2204 4108 2438 4173 corporis
2460 4123 2551 4156 ex-

1481 4187 1787 4249 tremitates,
1813 4186 2133 4251 proindeque
2158 4200 2241 4236 me
2265 4200 2358 4252 per
2381 4185 2552 4243 omnia

1476 4264 1612 4314 bene
1634 4261 1881 4329 yalidum.
