3084 4934
446 386 497 455 6
1227 402 1325 450 os
1374 400 1618 452 pensu
1664 400 1874 465 vru,

451 547 772 616 affinitate
824 553 966 614 erat
1011 542 1434 632 conjunctus.
1470 552 1480 565 ⁴
1524 549 1834 614 Decessit
1883 547 2157 612 Persius
2207 547 2312 611 vel
2352 530 2660 631 'septimo

448 655 556 718 vel
584 661 822 719 octavo
852 671 1025 717 anno
1048 651 1631 734 imperii·Neronis
1655 648 1738 716 A.
1774 650 1864 716 U.
1897 650 1974 716 C.
2004 650 2157 716 815.
2221 647 2475 715 Auctor
2500 651 2660 717 vitae

450 756 601 840 ejus
627 755 963 820 memoriae
993 755 1324 839 proditum
1353 755 1640 839 reliquit,
1689 755 1936 819 eumin
1964 754 2245 838 pueritia
2277 750 2660 819 Pmteseam

453 866 523 926 et
577 856 990 941 Odoiporicon
1048 857 1289 921 librum
1342 875 1544 920 unum
1584 863 1648 921 et
1696 874 1961 940 paucos
2008 874 2237 922 versus
2281 857 2353 920 in
2377 875 2660 923 ‘socrum

451 960 767 1026 Thraseae
828 959 1090 1025 Arriam
1149 967 1448 1038 matrem,
1507 980 1660 1045 quae
1717 979 1791 1023 se
1837 963 1987 1024 ante
2036 960 2249 1024 virum
2294 959 2661 1037 occiderat,-

453 1056 831 1147 seripsisse,
863 1083 1013 1146 quae
1046 1064 1273 1126 omnia
1307 1061 1602 1128 Cornuto
1638 1066 1910 1129 auctore
1940 1083 1983 1127 a
2008 1068 2215 1126 matre
2259 1062 2474 1127 Persii
2502 1062 2662 1126 abo·

449 1169 575 1234 lita
602 1169 754 1232 sint.
846 1166 1080 1244 Porro,
1121 1184 1269 1231 raro
1301 1153 1609 1231 Persium
1657 1173 1725 1232 et
1759 1165 1946 1232 tarde
1986 1166 2360 1251 scripsisse,
2389 1164 2662 1241 librum-⁶

456 1288 606 1355 que,
637 1291 835 1355 quem
874 1282 1050 1334 nunc
1088 1271 1286 1334 etiam
1323 1270 1668 1346 habemus,
1702 1269 1998 1334 ultimam
2038 1288 2307 1335 manum
2349 1269 2495 1354 ejus
2527 1286 2662 1330 non

453 1392 601 1437 esse
628 1380 998 1459 expertum.
1087 1373 1170 1436 In
1215 1372 1418 1457 hujus
1450 1374 1688 1438 ultima
1728 1379 1918 1457 parte
1951 1390 2182 1438 versus
2222 1373 2479 1456 aliquot
2511 1389 2662 1436 esse

459 1474 739 1555 demtos,
783 1481 856 1541 ut
913 1476 1137 1540 finitus
1165 1475 1523 1555 videretur,
1573 1477 2069 1562 Cornutumque
2095 1479 2314 1561 ipsum
2350 1472 2666 1553 nonnulla

456 1580 851 1658 correxisse,
913 1577 1273 1664 Caesioque
1330 1582 1601 1664 petenti,
1652 1586 1725 1646 ut
1764 1581 2061 1645 ederetur
2106 1581 2295 1657 liber,
2339 1576 2664 1642 ‘edendum

439 1681 829 1751 tradidisse.
919 1682 1231 1748 Continet
1268 1683 1378 1749 hic
1426 1685 1614 1764 liber,
1666 1706 1709 1750 a
1762 1684 2175 1764 Quintiliano
2231 1688 2297 1747 et
2353 1679 2666 1746 Martiale

455 1786 869 1864 laudatus,¹²'
895 1792 1134 1870 praeter
1171 1782 1523 1870 prologum
1571 1807 1696 1853 sex
1745 1788 2008 1865 satiras,
2060 1806 2191 1852 non
2235 1786 2383 1870 pari
2433 1796 2665 1848 omnes

457 1890 794 1974 dignitate,
825 1910 1103 1975 quarum
1135 1872 1353 1973 pr'ima
1400 1911 1488 1957 ex
1528 1892 1806 1956 duarum
1849 1891 2113 1956 laciniis
2154 1888 2529 1972 composita
2570 1887 2668 1951 vi-

459 1993 671 2071 detur,
704 1995 902 2059 etiam
932 2014 1022 2058 ex
1052 1999 1284 2078 quarta
1309 2014 1443 2060 non
1483 2015 1709 2079 panca
1737 1995 2150 2060 intercidisse
2177 1991 2533 2077 probabile
2548 1992 2665 2054 est:

366 2167 372 2172 .
425 2164 430 2171 ,
459 2094 556 2161 Ut
595 2098 971 2161 accuratius
1010 2097 1095 2161 de
1128 2097 1266 2162 illis
1306 2097 1533 2163 satiris
1571 2097 1874 2183 judicare
1913 2098 2274 2183 possimuS,
2316 2112 2437 2177 age
2483 2093 2667 2157 vide·

384 2186 401 2244 ⁴-
459 2217 651 2263 amus
678 2198 939 2283 pauciS,
973 2198 1134 2283 quid
1175 2205 1243 2265 et
1277 2200 1499 2284 qualis
1535 2202 1625 2267 sit
1658 2202 1863 2266 satira
1903 2205 2019 2265 aut
2056 2200 2402 2264 satiricum
2441 2212 2666 2280 genuS,

466 2293 650 2386 quod
678 2321 720 2366 a
750 2300 1079 2368 Romanis
1110 2304 1464 2382 inventum,
1497 2304 1833 2370 excultum
1864 2310 1932 2368 et
1957 2303 2319 2387 perfectum
2352 2307 2473 2366 est.

466 2444 471 2452 ·
547 2401 879 2488 Carminis
918 2424 1146 2489 genuS,
1191 2407 1372 2491 quod
1408 2408 1629 2473 satirae
1670 2408 1934 2471 nomine
1973 2405 2357 2487 insignitum
2386 2408 2509 2481 est,
2538 2404 2667 2472 boc

460 2507 661 2572 habet
702 2512 1144 2595 propositum,
1192 2518 1265 2576 ut
1314 2530 1528 2577 mores
1572 2510 1891 2589 emendet,
1937 2529 2149 2593 eoque
2196 2528 2239 2572 a
2283 2507 2506 2573 libello
2552 2524 2670 2569 sen

463 2612 754 2675 carmine
797 2613 1060 2679 famoso
1112 2614 1347 2693 differt,
1400 2636 1534 2700 quo
1580 2616 1651 2680 id
1705 2617 1943 2697 agitur,
1988 2619 2061 2678 ut
2107 2611 2356 2696 aliquis
2397 2609 2670 2692 indigno

459 2730 641 2779 more
663 2714 936 2780 infamia
963 2723 1371 2801 aspergatur.
1432 2717 1681 2783 Verum
1712 2717 1907 2794 ratio,
1939 2735 2074 2801 qua
2104 2715 2412 2780 satiricus
2441 2712 2672 2789 utitur,

460 2817 692 2882 nonin
724 2835 806 2883 eo
841 2821 1068 2902 posita
1105 2827 1231 2899 est,
1269 2826 1345 2884 ut
1389 2826 1739 2906 praecepta
1779 2820 2110 2884 tradantur
2145 2817 2428 2896 virtutis,
2456 2820 2671 2881 mores

461 2919 732 2996 candidi
772 2922 1140 3002 laudentur,
1191 2925 1486 3009 vitaeque
1533 2926 1842 2991 honestas
1889 2921 2397 2998 commendetur,
2445 2936 2672 2983 verum

462 3021 792 3088 diversam
825 3025 1009 3090 viam
1037 3025 1419 3109 ingreditur,
1458 3027 1624 3094 ridet
1664 3016 2036 3105 stultitiam,
2073 3024 2288 3109 carpit
2327 3023 2672 3107 improbos

459 3132 707 3203 mores;
731 3127 980 3191 scelera
1005 3127 1316 3211 flagellat,
1335 3136 1555 3214 atque,
1579 3134 1651 3194 ut
1678 3131 1966 3194 breviter
1988 3128 2228 3205 dicam,
2259 3129 2323 3190 τὸ
2343 3124 2674 3212 ἐλεγκτικὸν

463 3228 733 3311 satirico
760 3231 1176 3313 propositum
1205 3236 1323 3298 est.
1391 3230 1541 3295 1Ad·
1564 3232 1735 3297 hanc
1762 3251 1897 3296 rem
1926 3250 2056 3297 non
2086 3235 2462 3314 argumenta
2490 3228 2674 3293 adhi-

461 3331 598 3411 bet,
628 3339 703 3398 ut
729 3352 985 3399 morum
1013 3332 1390 3420 praeceptor
1420 3335 1489 3399 in
1518 3335 1793 3414 scholis,
1824 3340 1942 3400 aut
1979 3331 2449 3418 turpitudinem
2476 3332 2676 3398 vitio-

1472 3544 1687 3598 NOTAE

462 3655 707 3706 Thrasea?
748 3657 827 3705 vel
868 3657 1061 3707 invitus
1100 3659 1327 3723 agnovit.
1380 3661 1525 3711 Plut.
1608 3663 1713 3733 tale
1738 3660 1858 3725 fuit,
1879 3661 2114 3727 liberque
2136 3665 2350 3709 exustus
2374 3664 2468 3708 est.
2501 3654 2677 3707 Tacit-¹

460 3733 683 3798 reipubl.
713 3740 823 3797 ger.
854 3746 1010 3798 μῆρε.
1032 3750 1081 3784 c.
1108 3739 1187 3786 14.
1209 3737 1273 3787 T.
1303 3750 1404 3787 ιω.
1440 3738 1526 3787 ed.
1607 3742 1701 3791 vit.
1726 3741 1907 3806 Agr-ic.
1929 3745 1979 3790 2.
2000 3746 2056 3790 et
2076 3743 2187 3789 46st
2235 3737 2449 3787 Sueten.
2474 3734 2674 3785 Domit.

464 3809 622 3861 Hutt.
659 3810 947 3860 Accusatus
982 3811 1192 3877 deinde,
1224 3815 1394 3866 Tacit.
1419 3816 1454 3865 Ι.
1478 3832 1525 3866 c.
1608 3823 1692 3868 10.

462 3884 577 3937 ivr.
611 3892 725 3948 21.;
778 3889 962 3938 mortis
999 3889 1271 3940 arbitrium
1304 3894 1529 3957 accepit,
1619 3910 1626 3915 ·
1675 3884 1737 3944 1'2
1771 3894 1991 3947 Quintil.
2024 3906 2078 3942 x.
2104 3897 2152 3941 1.
2186 3891 2446 3939 ‘Multum
2463 3896 2519 3940 et
2536 3905 2675 3939 verae

460 3965 703 4031 venisque
724 3964 887 4015 'sectis
906 3966 1167 4018 occubuit.
1232 3969 1398 4021 Tacit.
1420 3971 1456 4020 l.
1477 3986 1524 4020 c.
1612 3972 1805 4036 gloriae‚
1848 3971 2077 4036 quamvis
2128 3982 2229 4018 uno
2272 3968 2421 4031 libro,
2468 3968 2679 4018 Persius

460 4048 543 4093 81.
564 4059 578 4104 ;
615 4048 827 4094 sueton.
852 4044 979 4094 Ner.
1004 4048 1086 4094 37.
1111 4062 1139 4106 ;›
1159 4047 1330 4096 Schol.
1354 4046 1529 4099 aduu-
1611 4048 1819 4098 meruit.
1824 4047 1837 4069 '
1859 4047 2367 4097 Martial.1v.29.⁷.
2392 4060 2503 4112 seq.
2538 4053 2554 4075 ⁸
2571 4046 2680 4095 Sae-

400 4136 405 4141 ·
459 4121 625 4170 vennl.
663 4133 717 4168 v.
758 4123 869 4181 364
936 4122 1042 4170 Dio
1086 4123 1228 4173 Cass.
1268 4119 1403 4175 Exn.
1442 4129 1524 4175 26.
1614 4125 1803 4189 piusin
1826 4123 1961 4173 libro
1982 4129 2301 4172 memoratur
2324 4123 2532 4172 Persius
2558 4137 2679 4184 uno,

458 4196 716 4248 Laudavit
735 4212 853 4247 eum
877 4205 1059 4261 postea
1076 4198 1369 4252 Aurulenus
1399 4204 1527 4252 Rus·
1614 4203 1783 4254 Quam
1825 4201 1955 4252 levis
1995 4201 2048 4250 in
2084 4207 2196 4251 tota
2230 4200 2435 4249 Marsus
2464 4197 2679 4251 Amazo-

412 4286 417 4290 ·
457 4271 612 4340 tiens,
635 4273 773 4340 quod
795 4274 895 4340 ipsi
926 4275 1024 4327 snb
1059 4274 1360 4330 Domitiano
1387 4280 1528 4345 capi·
1612 4276 1769 4329 uide?
