3084 4934
1150 404 1167 448 ἶ
1228 406 1571 460 ‘'SATmA
1619 407 1721 457 vl.
1798 404 1822 448 ‘f

2466 388 2620 492 rse-

375 561 733 646 Quicquid
754 559 825 625 id
855 557 989 625 est.¹
1017 553 1180 623 'Ubi
1208 556 1317 635 sit,
1347 554 1506 638 fuge
1523 551 1840 638 quaerere,
1863 552 2045 637 quod
2070 552 2235 620 mihi
2261 552 2595 660 quondam

389 663 673 750 Legarat
691 664 986 729 Tadius:
1017 681 1141 727 nec
1169 658 1347 726 dicta
1372 677 1621 742 repone
1642 662 1950 742 paterna:
1982 655 1988 659 ’

2500 657 2590 724 66

388 769 688 835 Foeneris
720 765 996 831 accedat
1020 759 1311 829 merces:
1357 761 1513 825 hinc
1536 760 1763 836 ‚exime
1794 763 2069 823 sumtus.

384 875 408 907 ‘
439 870 626 949 Quid
667 871 996 968 reliquum
1040 873 1143 931 est
1157 865 1209 930 ‘l’
1314 864 1674 948 Reliquum
1690 862 1721 926 ‘l
1786 880 1962 926 nunc
2012 880 2188 927 nunc
2229 860 2593 946 impensius

556 992 748 1056 unge,

382 1169 573 1218 umque
593 1153 710 1202 iuna
739 1157 827 1215 est,
847 1153 1087 1215 integram
1117 1155 1206 1201 est.
1275 1150 1404 1202 Cave
1423 1149 1660 1200 sciscitari
1688 1149 1879 1200 ubinam
1912 1148 1980 1200 sit
2016 1149 2069 1199 id
2110 1150 2233 1213 quod
2265 1150 2377 1199 olim
2416 1148 2595 1199 Tadius

385 1225 700 1268 testamento
732 1218 987 1281 reliquerat
1025 1216 1144 1266 mihi
1159 1234 1175 1266 .-
1206 1231 1319 1265 ποτε
1357 1215 1481 1265 mihi
1516 1220 1676 1279 repete
1712 1216 1893 1265 monita
1952 1221 2144 1272 atrum,-
2197 1216 2404 1264 addatur
2436 1228 2595 1264 usura

381 1286 564 1334 lues-um
579 1301 596 1332 .-
625 1283 736 1332 ande
753 1290 865 1333 tuas
883 1284 1116 1348 impensas
1134 1284 1351 1332 desumet
1382 1281 1551 1344 ecquid
1566 1280 1809 1331 residuum
1823 1285 1921 1332 m.
1986 1280 2245 1352 lte-uiduam
2267 1278 2490 1345 quaeris?
2541 1278 2591 1329 Ο

1310 1419 1483 1441 ΙΟΙΟΟΟ
1490 1419 1668 1438 ”OOOO

1243 1534 1310 1579 ee
1339 1528 1509 1579 stam
1533 1499 1636 1579 M‘s.
1655 1528 1777 1579 cat.

1349 1609 1355 1616 ⁴
1373 1611 1595 1695 NOTAE

376 1763 473 1808 ‘ero
494 1758 728 1820 tandem,
750 1757 805 1807 id
827 1759 951 1807 mihi
973 1773 1077 1808 non
1111 1760 1206 1808 tibi
1242 1758 1445 1808 detrac-

326 1821 347 1842 ⁸
373 1842 520 1886 tum:
540 1842 596 1886 et
617 1837 660 1886 si
682 1836 807 1901 quid
825 1833 981 1901 perit,
995 1838 1135 1900 perit
1151 1837 1271 1902 milii
1291 1837 1444 1900 cujus

381 1918 550 1962 totum
572 1918 656 1962 est
675 1929 690 1973 3
714 1926 780 1961 ex
803 1913 985 1975 regula
1002 1909 1161 1963 Ju'ris.

380 1998 393 2008 ⁴
447 1988 544 2038 Sed
577 1988 668 2037 tibi
699 1993 851 2038 totum
883 1993 971 2050 est,
1007 1989 1227 2053 quicquid
1261 1990 1315 2038 id
1351 1989 1445 2053 est]

377 2066 812 2131 Quandoquidem
852 2081 918 2117 ex
943 2067 1167 2130 Legibus
1201 2074 1257 2117 et
1293 2068 1443 2130 Jure,

377 2147 526 2192 tunm
550 2142 676 2192 nihil
708 2149 791 2193 est
817 2150 908 2194 aut
930 2160 1044 2194 esse
1069 2152 1245 2208 potest
1271 2161 1444 2209 quam-

380 2218 469 2267 diu
513 2217 654 2280 vivo,
685 2218 1044 2285 quodcumque
1088 2235 1187 2286 ego
1219 2222 1444 2272 moriens

376 2294 656 2360 reliquero,
688 2297 787 2345 hoc
820 2296 918 2347 tibi
950 2303 1119 2347 totum
1151 2299 1256 2349 erit
1284 2305 1442 2364 atque

378 2368 664 2435 integrum.
804 2403 809 2408 -

372 2473 387 2489 ·
444 2452 507 2497 66
551 2449 649 2497 Ubi
668 2450 734 2498 sit
745 2448 872 2511 fuge
891 2466 1116 2515 querere,
1133 2452 1240 2516 ξι]
1274 2452 1440 2503 Porro

380 2538 448 2574 ne
470 2537 713 2589 reposcas
738 2541 766 2575 a
802 2541 886 2576 me
910 2527 1162 2578 rationem
1188 2530 1439 2580 bonorum

378 2615 495 2665 quoe
518 2602 656 2651 olim⁴
670 2602 847 2668 habui,
868 2617 1086 2669 quoeque
1107 2606 1295 2670 aliquis
1318 2608 1439 2656 mihi

376 2683 692 2729 testamento
731 2678 920 2743 legarit
941 2697 954 2729 ε
1006 2694 1128 2729 nam
1171 2683 1303 2731 male
1345 2683 1443 2736 tibi

378 2751 630 2808 verteret.

376 2850 388 2858 ·
440 2836 509 2881 66
545 2832 749 2895 Tadius]
798 2834 845 2883 E
869 2833 1146 2898 majoribus
1168 2835 1441 2900 quispiam,

376 2909 463 2958 vel
487 2908 708 2974 quilibet
728 2910 859 2959 alius
883 2915 1124 2960 testator.
1198 2913 1442 2977 Metony-

374 2984 497 3037 mia.
538 2985 763 3038 Quidam
786 2986 995 3038 codices
1015 2988 1226 3050 habent,
1242 2990 1442 3052 Staius,-

376 3063 487 3127 alii,
510 3063 725 3114 Stadia-s.

376 3156 387 3165 ·
445 3142 551 3193 Nec
581 3144 712 3194 dieta
746 3158 914 3209 repone
950 3145 1174 3210 patema]
1247 3147 1439 3211 Neque

377 3217 504 3268 mihi
539 3221 722 3284 ingere
743 3228 801 3272 et
827 3221 999 3286 objice
1033 3223 1230 3273 monita
1258 3222 1440 3273 liberis

378 3296 532 3345 solita
553 3295 667 3345 dari
690 3312 720 3346 a
743 3298 977 3361 patribus
998 3299 1166 3350 avaris
1186 3315 1201 3361 3
1236 3301 1303 3350 de
1329 3300 1439 3366 qui-

377 3365 493 3421 bus'
508 3373 758 3424 Horatius
780 3375 947 3439 Epist.
968 3389 1006 3425 1.
1028 3381 1076 3424 1.
1101 3377 1118 3404 ‘
1143 3377 1442 3429 Quaerenda

377 3449 860 3513 pecnnia-primum
907 3458 991 3501 est
1013 3467 1029 3512 3
1086 3452 1265 3501 Virtus
1315 3461 1442 3516 post

377 3540 644 3576 nummos:
679 3528 791 3578 haec
813 3529 849 3580 J
854 3543 982 3578 anus
1001 3543 1226 3579 summus
1250 3530 1316 3579 ab
1338 3530 1442 3581 imo

375 3602 647 3654 Pei-docet
668 3601 693 3665 3‘
712 3604 825 3654 haec
845 3605 1083 3654 recinunt
1099 3605 1324 3669 juvenes
1335 3606 1441 3656 dic-

376 3685 508 3742 tata,
531 3694 787 3745 senesque
808 3682 966 3731 Laevo
989 3681 1224 3744 suspensi
1242 3682 1438 3733 loculos

375 3758 727 3823 tabulamque·
745 3757 976 3824 lacerto?
1001 3771 1008 3778 ·
1060 3759 1131 3809 Et
1166 3758 1439 3811 Juvenalis

374 3835 508 3897 fuse,
552 3834 665 3898 Sat.
709 3848 829 3886 xiv.
874 3837 891 3864 ‘
913 3835 1143 3887 Juvenes
1180 3835 1438 3889 hortatur.

372 3911 604 3976 2-—Co'git
621 3913 857 3963 minimas
868 3912 1102 3963 ediscere
1117 3912 1327 3978 sordes:
1337 3916 1436 3966 διο.

378 3999 387 4018 ¹
441 3987 677 4052 Paterna]
705 3989 853 4038 Bene
872 3995 1066 4040 :monet
1104 3989 1439 4041 casaubonus
1468 3995 1481 4004 “

374 4062 452 4112 de
462 4078 556 4113 suo
574 4071 727 4128 patre
757 4078 861 4114 non
891 4065 1036 4129 loqui
1067 4066 1323 4131 Persium,
1352 4067 1441 4132 qui

375 4141 765 4202 puer-sexennis
786 4141 1029 4192 amiserat
1056 4148 1261 4206 patrem
1292 4144 1440 4195 Flac-

364 4230 530 4277 .-eum;
564 4218 715 4281 cujus
753 4224 810 4268 et
842 4216 997 4269 famae
1033 4234 1133 4271 nec
1165 4221 1443 4274 detrahere

378 4289 572 4343 debeat
588 4307 689 4345 nec
710 4294 837 4347 velit
856 4287 1019 4356 bonus
1040 4296 1193 4349 filius.

1536 1757 1567 1791 ·'
1590 1762 1655 1808 67
1691 1757 1906 1807 Foeaeris
1924 1746 2116 1805 accedat
2136 1755 2331 1819 merces]
2375 1754 2483 1807 Aut
2504 1772 2594 1823 pa-

1528 1841 1730 1885 ternum
1753 1842 1836 1886 est
1860 1836 2110 1895 monitum
2132 1851 2145 1883 :
2180 1848 2369 1884 exerce
2392 1833 2594 1901 foenus3

1526 1926 1590 1962 ne
1612 1914 1828 1962 otiosam
1864 1918 1921 1961 et
1950 1910 2325 1961 infructuosam
2360 1912 2471 1962 sine
2503 1927 2595 1977 pe·

1527 1989 1732 2038 cuniam
1757 1996 1896 2039 tuam
1916 2006 1930 2050 ;
1965 1996 2221 2053 quaestum
2239 1986 2342 2050 fac,
2364 1988 2505 2038 datis
2526 1990 2595 2040 ad

1526 2079 1735 2113 usuram
1774 2065 2024 2125 nummis;
2077 2070 2235 2128 atque
2279 2076 2375 2127 pro
2412 2070 2596 2116 mutuo

1524 2142 1820 2191 mercedem
1844 2136 1971 2205 cape
1992 2156 2005 2189 t
2042 2147 2134 2189 aut
2170 2139 2332 2189 verba
2352 2145 2475 2188 sunt
2494 2141 2595 2191 hae-

1525 2219 1667 2267 redis
1691 2233 1805 2268 cnm
1843 2217 2027 2268 Persio
2063 2216 2315 2266 rationem
2349 2216 2597 2281 ineuntis,

1524 2299 1586 2343 nt
1604 2309 1724 2343 mox
1746 2293 2137 2357 explicabimus.
2192 2358 2195 2361 ἢ
2230 2317 2237 2325 -
2342 2289 2347 2296 ’

1588 2371 1723 2421 Hinc
1745 2373 1898 2421 exime
1914 2369 2118 2431 sumtus]
2152 2370 2396 2419 Fortasse
2416 2377 2473 2420 et
2494 2370 2592 2421 hoc

1521 2449 1771 2498 monitum
1807 2454 1890 2498 est
1932 2456 2236 2513 paternumt
2270 2461 2336 2495 ne
2357 2447 2479 2514 quid
2504 2447 2595 2502 de-

1508 2526 1671 2576 ‘trahe
1694 2527 1823 2577 sorti
1844 2526 2060 2590 capitali
2098 2525 2363 2591 bonorum,
2386 2517 2479 2575 sed
2501 2539 2593 2591 pon

1524 2603 1628 2653 tius
1651 2618 1680 2653 e
1703 2602 1903 2654 foenore
1925 2610 1979 2653 et
2013 2602 2179 2652 usuris
2200 2602 2333 2652 habe
2355 2610 2412 2651 et
2444 2603 2597 2653 desu-

1522 2697 1608 2732 me
1647 2683 1965 2733 necessarios
2004 2682 2203 2733 alendae
2226 2680 2433 2731 familiae
2456 2691 2591 2732 sum·

1523 2766 1623 2810 tus.
1693 2761 1794 2809 Vel
1815 2760 2035 2809 haeredis
2058 2760 2217 2809 verba
2238 2766 2375 2819 sunt,
2397 2766 2455 2808 et
2475 2774 2592 2809 sen-

1523 2850 1608 2885 sus
1626 2836 1756 2886 erit:
1799 2842 2154 2901 computemus
2178 2851 2294 2899 quae
2317 2842 2375 2884 et
2393 2842 2594 2899 quanta

1524 2913 1634 2962 sive
1657 2928 1687 2963 e
1719 2914 2047 2977 patrimonio,
2068 2927 2161 2962 seu
2183 2928 2212 2961 e
2235 2911 2594 2975 legatis²Tadii

1520 2996 1705 3039 nactus
1741 3004 1815 3055 es,
1850 3005 1881 3039 o
1905 2989 2088 3050 Persi3
2132 2988 2211 3037 his
2252 2987 2510 3039 addantur
2532 2994 2592 3041 et

1522 3065 1780 3116 accedant
1799 3082 1968 3117 usurae
1989 3083 2003 3117 t
2036 3067 2148 3131 jam
2181 3065 2305 3116 inde
2326 3066 2588 3130 legitimas

1519 3142 1780 3205 impensas
1823 3149 1939 3192 tuas
1981 3135 2295 3192 eximamus.‘
2360 3143 2592 3193 Demum

1518 3218 1788 3269 videamus
1806 3219 1930 3284 quid
1953 3219 2021 3268 sit
2036 3217 2229 3268 residui
2246 3232 2312 3268 ex
2332 3216 2410 3266 his
2430 3217 2593 3268 omni·

1519 3296 1637 3358 bus,
1660 3295 2036 3361 quidque-mibi
2060 3296 2131 3345 sit
2149 3295 2530 3346 obventurum.-

1531 3403 1541 3410 ·
1586 3377 1650 3422 68
1686 3374 1818 3429 Quid
1849 3374 2085 3437 reliquum
2122 3373 2218 3437 est]
2281 3373 2422 3426 Quid
2473 3373 2590 3438 jam

1522 3456 1762 3514 superest
1781 3465 1811 3500 e
1835 3456 1916 3501 tot
1937 3449 2300 3515 facultatibus,
2321 3465 2448 3515 quas
2475 3465 2592 3516 pos-

1522 3526 1742 3577 sedisti?
1984 3539 1990 3546 ·
2283 3523 2288 3526 ’

1532 3613 1546 3635 ·’
1588 3604 1862 3669 Reliquum]
1919 3606 2049 3655 Cum
2098 3603 2454 3670 indignatione
2508 3615 2590 3654 re-

1525 3680 1981 3745 spondetPersius
2001 3699 2032 3731 :-
2055 3681 2200 3729 itane
2236 3693 2362 3729 vero
2382 3692 2589 3729 mecum

1518 3758 1620 3806 inis
1642 3757 1913 3820 rationem,
1931 3756 2077 3820 quasi
2093 3771 2212 3806 cum
2229 3756 2588 3821 dispensatore

1517 3833 1719 3884 herus?
1768 3833 1986 3884 Scilicet
2026 3847 2263 3898 possessa
2300 3840 2590 3898 computas,

1521 3916 1756 3960 sumtus:
1772 3911 1992 3974 excutis,
2039 3911 2313 3976 reliquum*
2342 3911 2486 3975 quid,
2530 3918 2590 3963 et

1522 3988 1723 4051 ubisit,
1755 3989 2023 4053 postulas?
2065 3988 2202 4052 Age,
2232 3989 2419 4054 haeres,
2444 3987 2588 4039 deln-

1522 4079 1649 4130 ceps
1670 4077 1847 4117 curam
1867 4063 2000 4115 banc
2018 4066 2242 4116 eximam
2264 4065 2380 4115 tibi.

1588 4142 1733 4193 Nunc
1761 4158 1885 4193 nanc
1910 4142 2166 4206 &apen-sius
2199 4157 2347 4206 unge,
2382 4142 2489 4206 ξω]
2533 4143 2583 4194 Ο

1522 4218 1738 4283 famule,
1758 4220 2032 4270 lautiorem
2062 4218 2231 4280 indies
2254 4234 2483 4272 mensam
2507 4220 2586 4269 in·

1524 4303 1705 4363 strue3
1738 4301 2110 4352 consumantur
2143 4293 2283 4350 bona
2328 4311 2446 4349 mea
2474 4298 2585 4347 uni·
