<?xml version="1.0" encoding="UTF-8"?>
<!DOCTYPE html PUBLIC "-//W3C//DTD XHTML 1.0 Transitional//EN"
    "http://www.w3.org/TR/xhtml1/DTD/xhtml1-transitional.dtd">
<html xmlns="http://www.w3.org/1999/xhtml" xml:lang="en" lang="en">
 <head>
  <title>
</title>
<meta http-equiv="Content-Type" content="text/html;charset=utf-8" />
  <meta name='ocr-system' content='tesseract 3.04.00' />
  <meta name='ocr-capabilities' content='ocr_page ocr_carea ocr_par ocr_line ocrx_word'/>
</head>
<body>
  <div class='ocr_page' id='page_1' title='image "./operaomnia00persgoog_0186.png"; bbox 0 0 3084 4934; ppageno 0'>
   <div class='ocr_carea' id='block_1_1' title="bbox 538 395 670 470">
    <p class='ocr_par' dir='ltr' id='par_1_1' title="bbox 538 395 670 470">
     <span class='ocr_line' id='line_1_1' title="bbox 538 395 670 470; baseline 0.015 -2"><span class='ocrx_word' id='word_1_1' title='bbox 538 395 670 470; x_wconf 70' lang='lat'><strong>172</strong></span> 
     </span>
    </p>
   </div>
   <div class='ocr_carea' id='block_1_2' title="bbox 1295 403 1979 462">
    <p class='ocr_par' dir='ltr' id='par_1_2' title="bbox 1295 403 1979 462">
     <span class='ocr_line' id='line_1_2' title="bbox 1295 403 1979 462; baseline -0.007 0"><span class='ocrx_word' id='word_1_2' title='bbox 1295 411 1369 462; x_wconf 78' lang='lat' dir='ltr'><strong>A.</strong></span> <span class='ocrx_word' id='word_1_3' title='bbox 1416 403 1666 461; x_wconf 66' lang='lat' dir='ltr'><strong>nasu</strong></span> <span class='ocrx_word' id='word_1_4' title='bbox 1716 405 1979 458; x_wconf 55' lang='lat' dir='ltr'><strong>abaco!</strong></span> 
     </span>
    </p>
   </div>
   <div class='ocr_carea' id='block_1_3' title="bbox 541 550 2267 760">
    <p class='ocr_par' dir='ltr' id='par_1_3' title="bbox 541 550 2267 760">
     <span class='ocr_line' id='line_1_3' title="bbox 541 550 2189 662; baseline -0.008 -31"><span class='ocrx_word' id='word_1_5' title='bbox 541 557 750 630; x_wconf 85' lang='lat' dir='ltr'><strong>Costa</strong></span> <span class='ocrx_word' id='word_1_6' title='bbox 773 560 939 627; x_wconf 88' lang='lat' dir='ltr'><strong>ratis</strong></span> <span class='ocrx_word' id='word_1_7' title='bbox 967 560 1226 662; x_wconf 75' lang='lat' dir='ltr'><strong>lacerae.</strong></span> <span class='ocrx_word' id='word_1_8' title='bbox 1314 555 1517 621; x_wconf 90' lang='lat' dir='ltr'><strong>Nunc</strong></span> <span class='ocrx_word' id='word_1_9' title='bbox 1546 562 1618 621; x_wconf 91' lang='lat' dir='ltr'><strong>et</strong></span> <span class='ocrx_word' id='word_1_10' title='bbox 1639 554 1724 620; x_wconf 85' lang='lat' dir='ltr'><strong>de</strong></span> <span class='ocrx_word' id='word_1_11' title='bbox 1750 553 2002 638; x_wconf 77' lang='lat' dir='ltr'><strong>cespite</strong></span> <span class='ocrx_word' id='word_1_12' title='bbox 2028 550 2189 619; x_wconf 78' lang='lat' dir='ltr'><strong>vivo</strong></span> 
     </span>
     <span class='ocr_line' id='line_1_4' title="bbox 543 655 2267 760; baseline -0.008 -28"><span class='ocrx_word' id='word_1_13' title='bbox 543 666 801 760; x_wconf 71' lang='lat' dir='ltr'><strong>Frange</strong></span> <span class='ocrx_word' id='word_1_14' title='bbox 829 661 1108 747; x_wconf 84' lang='lat' dir='ltr'><strong>aliquid,</strong></span> <span class='ocrx_word' id='word_1_15' title='bbox 1135 661 1376 744; x_wconf 84' lang='lat' dir='ltr'><strong>largire</strong></span> <span class='ocrx_word' id='word_1_16' title='bbox 1403 660 1613 745; x_wconf 90' lang='lat' dir='ltr'><strong>inopi,</strong></span> <span class='ocrx_word' id='word_1_17' title='bbox 1644 678 1725 722; x_wconf 89' lang='lat' dir='ltr'><strong>ne</strong></span> <span class='ocrx_word' id='word_1_18' title='bbox 1752 659 1975 743; x_wconf 86' lang='lat' dir='ltr'><strong>pictus</strong></span> <span class='ocrx_word' id='word_1_19' title='bbox 2010 655 2267 720; x_wconf 88' lang='lat' dir='ltr'><strong>oberret</strong></span> 
     </span>
    </p>
   </div>
   <div class='ocr_carea' id='block_1_4' title="bbox 541 766 1223 836">
    <p class='ocr_par' dir='ltr' id='par_1_4' title="bbox 541 766 1223 836">
     <span class='ocr_line' id='line_1_5' title="bbox 541 766 1223 836; baseline -0.006 -3"><span class='ocrx_word' id='word_1_20' title='bbox 541 767 851 836; x_wconf 87' lang='lat' dir='ltr'><strong>Coerulea</strong></span> <span class='ocrx_word' id='word_1_21' title='bbox 874 768 943 831; x_wconf 88' lang='lat' dir='ltr'><strong>in</strong></span> <span class='ocrx_word' id='word_1_22' title='bbox 971 766 1223 831; x_wconf 79' lang='lat' dir='ltr'><strong>tabula.</strong></span> 
     </span>
    </p>
   </div>
   <div class='ocr_carea' id='block_1_5' title="bbox 1314 758 2315 829">
    <p class='ocr_par' dir='ltr' id='par_1_5' title="bbox 1314 758 2315 829">
     <span class='ocr_line' id='line_1_6' title="bbox 1314 758 2315 829; baseline -0.01 1"><span class='ocrx_word' id='word_1_23' title='bbox 1314 768 1335 798; x_wconf 91' lang='lat'>‘</span> <span class='ocrx_word' id='word_1_24' title='bbox 1367 763 1502 829; x_wconf 87' lang='lat' dir='ltr'><strong>Sed</strong></span> <span class='ocrx_word' id='word_1_25' title='bbox 1532 782 1796 827; x_wconf 87' lang='lat' dir='ltr'><strong>coenam</strong></span> <span class='ocrx_word' id='word_1_26' title='bbox 1822 759 2072 824; x_wconf 76' lang='lat' dir='ltr'><strong>fimetis</strong></span> <span class='ocrx_word' id='word_1_27' title='bbox 2097 758 2315 823; x_wconf 84' lang='lat' dir='ltr'><strong>haeres</strong></span> 
     </span>
    </p>
   </div>
   <div class='ocr_carea' id='block_1_6' title="bbox 538 918 2759 1065">
    <p class='ocr_par' dir='ltr' id='par_1_6' title="bbox 538 918 2759 1065">
     <span class='ocr_line' id='line_1_7' title="bbox 540 918 2759 996; baseline -0.009 -8"><span class='ocrx_word' id='word_1_28' title='bbox 540 939 678 988; x_wconf 83' lang='lat' dir='ltr'><strong>modo</strong></span> <span class='ocrx_word' id='word_1_29' title='bbox 699 936 822 987; x_wconf 72' lang='lat' dir='ltr'><strong>latas</strong></span> <span class='ocrx_word' id='word_1_30' title='bbox 853 937 987 986; x_wconf 76' lang='lat' dir='ltr'><strong>navis</strong></span> <span class='ocrx_word' id='word_1_31' title='bbox 1012 934 1191 996; x_wconf 76' lang='lat' dir='ltr'><strong>fractoe</strong></span> <span class='ocrx_word' id='word_1_32' title='bbox 1212 934 1415 986; x_wconf 73' lang='lat' dir='ltr'><strong>occurrit</strong></span> <span class='ocrx_word' id='word_1_33' title='bbox 1451 934 1644 996; x_wconf 75' lang='lat' dir='ltr'><strong>mergis.</strong></span> <span class='ocrx_word' id='word_1_34' title='bbox 1712 929 1854 981; x_wconf 84' lang='lat' dir='ltr'><strong>Huic</strong></span> <span class='ocrx_word' id='word_1_35' title='bbox 1890 928 2051 993; x_wconf 81' lang='lat' dir='ltr'><strong>igitur</strong></span> <span class='ocrx_word' id='word_1_36' title='bbox 2070 939 2236 989; x_wconf 77' lang='lat' dir='ltr'><strong>rumpe</strong></span> <span class='ocrx_word' id='word_1_37' title='bbox 2255 919 2426 972; x_wconf 76' lang='lat' dir='ltr'><strong>statim</strong></span> <span class='ocrx_word' id='word_1_38' title='bbox 2441 918 2681 984; x_wconf 73' lang='lat' dir='ltr'><strong>quidpiam</strong></span> <span class='ocrx_word' id='word_1_39' title='bbox 2702 918 2759 969; x_wconf 71' lang='lat' dir='ltr'><strong>dc</strong></span> 
     </span>
     <span class='ocr_line' id='line_1_8' title="bbox 538 985 2758 1065; baseline -0.009 -12"><span class='ocrx_word' id='word_1_40' title='bbox 538 1002 690 1065; x_wconf 73' lang='lat' dir='ltr'><strong>glebis</strong></span> <span class='ocrx_word' id='word_1_41' title='bbox 710 1002 856 1054; x_wconf 73' lang='lat' dir='ltr'><strong>etiam</strong></span> <span class='ocrx_word' id='word_1_42' title='bbox 875 1002 1144 1053; x_wconf 71' lang='lat' dir='ltr'><strong>immaturis</strong></span> <span class='ocrx_word' id='word_1_43' title='bbox 1157 1017 1174 1052; x_wconf 92' lang='grc'><strong>.·</strong></span> <span class='ocrx_word' id='word_1_44' title='bbox 1206 1003 1329 1051; x_wconf 74' lang='lat' dir='ltr'><strong>dona</strong></span> <span class='ocrx_word' id='word_1_45' title='bbox 1353 1000 1608 1064; x_wconf 73' lang='lat' dir='ltr'><strong>indigenti,</strong></span> <span class='ocrx_word' id='word_1_46' title='bbox 1644 1013 1704 1047; x_wconf 78' lang='lat' dir='ltr'><strong>ne</strong></span> <span class='ocrx_word' id='word_1_47' title='bbox 1734 1000 1935 1059; x_wconf 72' lang='lat' dir='ltr'><strong>vagetur</strong></span> <span class='ocrx_word' id='word_1_48' title='bbox 1974 992 2186 1056; x_wconf 76' lang='lat' dir='ltr'><strong>depictas</strong></span> <span class='ocrx_word' id='word_1_49' title='bbox 2205 990 2259 1038; x_wconf 78' lang='lat' dir='ltr'><strong>in</strong></span> <span class='ocrx_word' id='word_1_50' title='bbox 2279 987 2452 1037; x_wconf 76' lang='lat' dir='ltr'><strong>tabella</strong></span> <span class='ocrx_word' id='word_1_51' title='bbox 2472 985 2639 1036; x_wconf 70' lang='lat' dir='ltr'><strong>coloris</strong></span> <span class='ocrx_word' id='word_1_52' title='bbox 2660 999 2758 1033; x_wconf 80' lang='lat' dir='ltr'><strong>ma—</strong></span> 
     </span>
    </p>
   </div>
   <div class='ocr_carea' id='block_1_7' title="bbox 1467 1143 1826 1167">
    <p class='ocr_par' dir='ltr' id='par_1_7' title="bbox 1467 1143 1826 1167">
     <span class='ocr_line' id='line_1_9' title="bbox 1467 1143 1826 1167; baseline -0.008 -2"><span class='ocrx_word' id='word_1_53' title='bbox 1467 1146 1497 1165; x_wconf 65' lang='lat' dir='ltr'><em>O</em></span> <span class='ocrx_word' id='word_1_54' title='bbox 1500 1146 1615 1167; x_wconf 52' lang='lat' dir='ltr'><strong>‘N‘</strong></span> <span class='ocrx_word' id='word_1_55' title='bbox 1620 1143 1826 1166; x_wconf 52' lang='lat' dir='ltr'><strong>‘Mb‘</strong></span> 
     </span>
    </p>
   </div>
   <div class='ocr_carea' id='block_1_8' title="bbox 1289 1238 2009 1309">
    <p class='ocr_par' dir='ltr' id='par_1_8' title="bbox 1289 1238 2009 1309">
     <span class='ocr_line' id='line_1_10' title="bbox 1289 1238 2009 1309; baseline -0.015 -10"><span class='ocrx_word' id='word_1_56' title='bbox 1289 1253 1352 1299; x_wconf 73' lang='lat'><strong>81</strong></span> <span class='ocrx_word' id='word_1_57' title='bbox 1391 1249 1628 1300; x_wconf 58' lang='lat' dir='ltr'><strong>stan-stra</strong></span> <span class='ocrx_word' id='word_1_58' title='bbox 1648 1258 1743 1309; x_wconf 87' lang='lat' dir='ltr'><strong>pro</strong></span> <span class='ocrx_word' id='word_1_59' title='bbox 1776 1242 1922 1291; x_wconf 76' lang='lat' dir='ltr'><strong>Costa</strong></span> <span class='ocrx_word' id='word_1_60' title='bbox 1940 1238 2009 1289; x_wconf 90' lang='lat' dir='ltr'><strong>B.</strong></span> 
     </span>
    </p>
   </div>
   <div class='ocr_carea' id='block_1_9' title="bbox 1545 1406 1767 1460">
    <p class='ocr_par' dir='ltr' id='par_1_9' title="bbox 1545 1406 1767 1460">
     <span class='ocr_line' id='line_1_11' title="bbox 1545 1406 1767 1460; baseline -0.005 0"><span class='ocrx_word' id='word_1_61' title='bbox 1545 1406 1767 1460; x_wconf 79' lang='lat' dir='ltr'><strong>NOTAE</strong></span> 
     </span>
    </p>
   </div>
   <div class='ocr_carea' id='block_1_10' title="bbox 544 1507 1618 2571">
    <p class='ocr_par' dir='ltr' id='par_1_10' title="bbox 544 1507 1613 1714">
     <span class='ocr_line' id='line_1_12' title="bbox 544 1507 1612 1575; baseline -0.002 -16"><span class='ocrx_word' id='word_1_62' title='bbox 544 1507 667 1573; x_wconf 86' lang='lat' dir='ltr'><strong>cris,</strong></span> <span class='ocrx_word' id='word_1_63' title='bbox 689 1508 757 1559; x_wconf 88' lang='lat' dir='ltr'><strong>ab</strong></span> <span class='ocrx_word' id='word_1_64' title='bbox 776 1508 1129 1573; x_wconf 81' lang='lat' dir='ltr'>immergendo</span> <span class='ocrx_word' id='word_1_65' title='bbox 1150 1508 1457 1575; x_wconf 83' lang='lat' dir='ltr'><strong>frequenter</strong></span> <span class='ocrx_word' id='word_1_66' title='bbox 1477 1520 1612 1571; x_wconf 88' lang='lat' dir='ltr'><strong>sese,</strong></span> 
     </span>
     <span class='ocr_line' id='line_1_13' title="bbox 545 1586 1613 1652; baseline -0.001 -17"><span class='ocrx_word' id='word_1_67' title='bbox 545 1593 863 1651; x_wconf 79' lang='lat' dir='ltr'><strong>nuncupata.</strong></span> <span class='ocrx_word' id='word_1_68' title='bbox 926 1588 1015 1637; x_wconf 91' lang='lat' dir='ltr'><strong>De</strong></span> <span class='ocrx_word' id='word_1_69' title='bbox 1036 1602 1098 1638; x_wconf 89' lang='lat' dir='ltr'><strong>ea</strong></span> <span class='ocrx_word' id='word_1_70' title='bbox 1123 1586 1344 1652; x_wconf 75' lang='lat' dir='ltr'>Plinius,</span> <span class='ocrx_word' id='word_1_71' title='bbox 1365 1599 1422 1637; x_wconf 84' lang='lat' dir='ltr'><strong>x.</strong></span> <span class='ocrx_word' id='word_1_72' title='bbox 1445 1591 1530 1636; x_wconf 72' lang='lat'><strong>32.</strong></span> <span class='ocrx_word' id='word_1_73' title='bbox 1551 1593 1613 1635; x_wconf 87' lang='lat' dir='ltr'><strong>et</strong></span> 
     </span>
     <span class='ocr_line' id='line_1_14' title="bbox 546 1663 685 1714; baseline 0.007 -2"><span class='ocrx_word' id='word_1_74' title='bbox 546 1663 685 1714; x_wconf 85' lang='lat' dir='ltr'><strong>alibi.</strong></span> 
     </span>
    </p>

    <p class='ocr_par' dir='ltr' id='par_1_11' title="bbox 544 1738 1617 2187">
     <span class='ocr_line' id='line_1_15' title="bbox 610 1738 1611 1807; baseline -0.002 -17"><span class='ocrx_word' id='word_1_75' title='bbox 610 1744 673 1790; x_wconf 77' lang='grc'><strong>31</strong></span> <span class='ocrx_word' id='word_1_76' title='bbox 712 1742 861 1792; x_wconf 77' lang='lat' dir='ltr'><strong>Costa</strong></span> <span class='ocrx_word' id='word_1_77' title='bbox 877 1743 998 1792; x_wconf 71' lang='lat' dir='ltr'><strong>ratis</strong></span> <span class='ocrx_word' id='word_1_78' title='bbox 1012 1743 1203 1807; x_wconf 77' lang='lat' dir='ltr'><strong>laceroe]</strong></span> <span class='ocrx_word' id='word_1_79' title='bbox 1240 1741 1406 1807; x_wconf 76' lang='lat' dir='ltr'><strong>Ligna</strong></span> <span class='ocrx_word' id='word_1_80' title='bbox 1424 1738 1611 1805; x_wconf 81' lang='lat' dir='ltr'><strong>quibus</strong></span> 
     </span>
     <span class='ocr_line' id='line_1_16' title="bbox 545 1816 1611 1881; baseline -0.001 -15"><span class='ocrx_word' id='word_1_81' title='bbox 545 1816 712 1868; x_wconf 87' lang='lat' dir='ltr'><strong>latera</strong></span> <span class='ocrx_word' id='word_1_82' title='bbox 728 1820 874 1869; x_wconf 87' lang='lat' dir='ltr'><strong>navis</strong></span> <span class='ocrx_word' id='word_1_83' title='bbox 910 1820 1235 1870; x_wconf 84' lang='lat' dir='ltr'><strong>intexuntur.</strong></span> <span class='ocrx_word' id='word_1_84' title='bbox 1266 1818 1452 1881; x_wconf 81' lang='lat' dir='ltr'><strong>virgil.</strong></span> <span class='ocrx_word' id='word_1_85' title='bbox 1492 1816 1611 1866; x_wconf 83' lang='lat' dir='ltr'><strong>AEn.</strong></span> 
     </span>
     <span class='ocr_line' id='line_1_17' title="bbox 544 1890 1613 1959; baseline -0.002 -17"><span class='ocrx_word' id='word_1_86' title='bbox 544 1903 608 1943; x_wconf 87' lang='lat'><strong>11.</strong></span> <span class='ocrx_word' id='word_1_87' title='bbox 642 1893 659 1921; x_wconf 89' lang='lat'>‘</span> <span class='ocrx_word' id='word_1_88' title='bbox 671 1894 929 1959; x_wconf 78' lang='lat' dir='ltr'>Sectaque</span> <span class='ocrx_word' id='word_1_89' title='bbox 948 1895 1191 1945; x_wconf 83' lang='lat' dir='ltr'><strong>intexunt</strong></span> <span class='ocrx_word' id='word_1_90' title='bbox 1207 1894 1379 1944; x_wconf 84' lang='lat' dir='ltr'><strong>abiete</strong></span> <span class='ocrx_word' id='word_1_91' title='bbox 1396 1897 1567 1944; x_wconf 88' lang='lat' dir='ltr'><strong>costas</strong></span> <span class='ocrx_word' id='word_1_92' title='bbox 1581 1890 1613 1940; x_wconf 70' lang='grc' dir='ltr'><strong>ι’</strong></span> 
     </span>
     <span class='ocr_line' id='line_1_18' title="bbox 546 1968 1617 2036; baseline -0.002 -17"><span class='ocrx_word' id='word_1_93' title='bbox 546 1969 769 2021; x_wconf 82' lang='lat' dir='ltr'><strong>Ponitur</strong></span> <span class='ocrx_word' id='word_1_94' title='bbox 799 1977 857 2021; x_wconf 91' lang='lat' dir='ltr'><strong>et</strong></span> <span class='ocrx_word' id='word_1_95' title='bbox 889 1977 1037 2033; x_wconf 60' lang='lat' dir='ltr'><strong>coda,</strong></span> <span class='ocrx_word' id='word_1_96' title='bbox 1061 1985 1156 2036; x_wconf 86' lang='lat' dir='ltr'><strong>pro</strong></span> <span class='ocrx_word' id='word_1_97' title='bbox 1179 1972 1256 2021; x_wconf 89' lang='lat' dir='ltr'><strong>rei</strong></span> <span class='ocrx_word' id='word_1_98' title='bbox 1279 1977 1430 2036; x_wconf 83' lang='lat' dir='ltr'><strong>parte</strong></span> <span class='ocrx_word' id='word_1_99' title='bbox 1452 1968 1617 2035; x_wconf 81' lang='lat' dir='ltr'><strong>quali-</strong></span> 
     </span>
     <span class='ocr_line' id='line_1_19' title="bbox 545 2042 1613 2108; baseline 0 -14"><span class='ocrx_word' id='word_1_100' title='bbox 545 2042 654 2107; x_wconf 83' lang='lat' dir='ltr'><strong>bet,</strong></span> <span class='ocrx_word' id='word_1_101' title='bbox 677 2050 738 2095; x_wconf 89' lang='lat' dir='ltr'><strong>ut</strong></span> <span class='ocrx_word' id='word_1_102' title='bbox 780 2047 929 2097; x_wconf 88' lang='lat' dir='ltr'><strong>Pers.</strong></span> <span class='ocrx_word' id='word_1_103' title='bbox 946 2047 1061 2097; x_wconf 83' lang='lat' dir='ltr'><strong>Sat.</strong></span> <span class='ocrx_word' id='word_1_104' title='bbox 1085 2061 1127 2096; x_wconf 90' lang='lat'><strong>1.</strong></span> <span class='ocrx_word' id='word_1_105' title='bbox 1179 2049 1195 2076; x_wconf 86' lang='lat'>‘</span> <span class='ocrx_word' id='word_1_106' title='bbox 1222 2048 1437 2098; x_wconf 87' lang='lat' dir='ltr'><strong>Costam</strong></span> <span class='ocrx_word' id='word_1_107' title='bbox 1455 2046 1613 2108; x_wconf 85' lang='lat' dir='ltr'><strong>longo</strong></span> 
     </span>
     <span class='ocr_line' id='line_1_20' title="bbox 546 2120 1224 2187; baseline 0.007 -18"><span class='ocrx_word' id='word_1_108' title='bbox 546 2120 884 2172; x_wconf 83' lang='lat' dir='ltr'><strong>subduximus</strong></span> <span class='ocrx_word' id='word_1_109' title='bbox 910 2121 1224 2187; x_wconf 64' lang='lat' dir='ltr'><strong>Apennino!</strong></span> 
     </span>
    </p>

    <p class='ocr_par' dir='ltr' id='par_1_12' title="bbox 546 2196 1618 2571">
     <span class='ocr_line' id='line_1_21' title="bbox 614 2196 1617 2265; baseline 0.001 -19"><span class='ocrx_word' id='word_1_110' title='bbox 614 2196 758 2247; x_wconf 73' lang='lat' dir='ltr'><strong>Nunc</strong></span> <span class='ocrx_word' id='word_1_111' title='bbox 788 2203 837 2248; x_wconf 77' lang='lat' dir='ltr'><strong>et</strong></span> <span class='ocrx_word' id='word_1_112' title='bbox 873 2200 933 2248; x_wconf 83' lang='lat' dir='ltr'><strong>de</strong></span> <span class='ocrx_word' id='word_1_113' title='bbox 967 2199 1142 2265; x_wconf 76' lang='lat' dir='ltr'><strong>cespite</strong></span> <span class='ocrx_word' id='word_1_114' title='bbox 1176 2201 1303 2265; x_wconf 72' lang='lat' dir='ltr'><strong>uiuo,</strong></span> <span class='ocrx_word' id='word_1_115' title='bbox 1331 2199 1440 2265; x_wconf 60' lang='lat' dir='ltr'><strong>afa]</strong></span> <span class='ocrx_word' id='word_1_116' title='bbox 1474 2197 1617 2249; x_wconf 81' lang='lat' dir='ltr'><strong>Quid</strong></span> 
     </span>
     <span class='ocr_line' id='line_1_22' title="bbox 546 2275 1618 2341; baseline 0.001 -18"><span class='ocrx_word' id='word_1_117' title='bbox 546 2287 672 2337; x_wconf 81' lang='lat' dir='ltr'><strong>ergo</strong></span> <span class='ocrx_word' id='word_1_118' title='bbox 689 2275 920 2339; x_wconf 82' lang='lat' dir='ltr'><strong>moraris,</strong></span> <span class='ocrx_word' id='word_1_119' title='bbox 937 2277 1103 2341; x_wconf 89' lang='lat' dir='ltr'><strong>inquit</strong></span> <span class='ocrx_word' id='word_1_120' title='bbox 1119 2276 1288 2327; x_wconf 68' lang='lat' dir='ltr'><strong>Poeta</strong></span> <span class='ocrx_word' id='word_1_121' title='bbox 1302 2277 1366 2327; x_wconf 88' lang='lat' dir='ltr'><strong>ad</strong></span> <span class='ocrx_word' id='word_1_122' title='bbox 1385 2290 1618 2339; x_wconf 86' lang='lat' dir='ltr'><strong>avarum,</strong></span> 
     </span>
     <span class='ocr_line' id='line_1_23' title="bbox 547 2349 1615 2418; baseline 0.003 -20"><span class='ocrx_word' id='word_1_123' title='bbox 547 2349 670 2400; x_wconf 84' lang='lat' dir='ltr'><strong>dum</strong></span> <span class='ocrx_word' id='word_1_124' title='bbox 712 2350 766 2399; x_wconf 91' lang='lat' dir='ltr'><strong>in</strong></span> <span class='ocrx_word' id='word_1_125' title='bbox 796 2352 987 2402; x_wconf 81' lang='lat' dir='ltr'><strong>talibus</strong></span> <span class='ocrx_word' id='word_1_126' title='bbox 1018 2353 1274 2418; x_wconf 78' lang='lat' dir='ltr'><strong>angustiis</strong></span> <span class='ocrx_word' id='word_1_127' title='bbox 1294 2359 1379 2404; x_wconf 90' lang='lat' dir='ltr'><strong>est</strong></span> <span class='ocrx_word' id='word_1_128' title='bbox 1416 2353 1615 2403; x_wconf 84' lang='lat' dir='ltr'><strong>amicus</strong></span> 
     </span>
     <span class='ocr_line' id='line_1_24' title="bbox 547 2425 1618 2495; baseline 0.003 -20"><span class='ocrx_word' id='word_1_129' title='bbox 547 2425 726 2491; x_wconf 85' lang='lat' dir='ltr'><strong>inops?</strong></span> <span class='ocrx_word' id='word_1_130' title='bbox 770 2428 913 2479; x_wconf 85' lang='lat' dir='ltr'><strong>Huic</strong></span> <span class='ocrx_word' id='word_1_131' title='bbox 934 2444 1039 2479; x_wconf 90' lang='lat' dir='ltr'><strong>non</strong></span> <span class='ocrx_word' id='word_1_132' title='bbox 1076 2431 1229 2481; x_wconf 90' lang='lat' dir='ltr'><strong>modo</strong></span> <span class='ocrx_word' id='word_1_133' title='bbox 1263 2430 1425 2481; x_wconf 88' lang='lat' dir='ltr'><strong>debes</strong></span> <span class='ocrx_word' id='word_1_134' title='bbox 1446 2430 1618 2495; x_wconf 88' lang='lat' dir='ltr'><strong>opitu-</strong></span> 
     </span>
     <span class='ocr_line' id='line_1_25' title="bbox 547 2502 1617 2571; baseline 0.005 -21"><span class='ocrx_word' id='word_1_135' title='bbox 547 2502 646 2564; x_wconf 77' lang='lat' dir='ltr'><strong>lari</strong></span> <span class='ocrx_word' id='word_1_136' title='bbox 684 2503 750 2552; x_wconf 90' lang='lat' dir='ltr'><strong>de</strong></span> <span class='ocrx_word' id='word_1_137' title='bbox 783 2518 952 2554; x_wconf 87' lang='lat' dir='ltr'><strong>annuo</strong></span> <span class='ocrx_word' id='word_1_138' title='bbox 976 2512 1229 2568; x_wconf 88' lang='lat' dir='ltr'><strong>proventu</strong></span> <span class='ocrx_word' id='word_1_139' title='bbox 1262 2515 1319 2556; x_wconf 88' lang='lat' dir='ltr'><strong>et</strong></span> <span class='ocrx_word' id='word_1_140' title='bbox 1347 2506 1415 2556; x_wconf 85' lang='lat' dir='ltr'><strong>de</strong></span> <span class='ocrx_word' id='word_1_141' title='bbox 1436 2519 1617 2571; x_wconf 86' lang='lat' dir='ltr'><strong>super·</strong></span> 
     </span>
    </p>
   </div>
   <div class='ocr_carea' id='block_1_11' title="bbox 547 2575 1658 2648">
    <p class='ocr_par' dir='ltr' id='par_1_13' title="bbox 547 2575 1658 2648">
     <span class='ocr_line' id='line_1_26' title="bbox 547 2575 1658 2648; baseline 0.003 -19"><span class='ocrx_word' id='word_1_142' title='bbox 547 2577 672 2643; x_wconf 83' lang='lat' dir='ltr'><strong>fluo,</strong></span> <span class='ocrx_word' id='word_1_143' title='bbox 691 2580 782 2629; x_wconf 87' lang='lat' dir='ltr'><strong>sed</strong></span> <span class='ocrx_word' id='word_1_144' title='bbox 804 2582 962 2631; x_wconf 85' lang='lat' dir='ltr'><strong>etiarn</strong></span> <span class='ocrx_word' id='word_1_145' title='bbox 984 2582 1049 2631; x_wconf 90' lang='lat' dir='ltr'><strong>de</strong></span> <span class='ocrx_word' id='word_1_146' title='bbox 1072 2582 1198 2645; x_wconf 87' lang='lat' dir='ltr'><strong>ipsis</strong></span> <span class='ocrx_word' id='word_1_147' title='bbox 1217 2581 1412 2645; x_wconf 86' lang='lat' dir='ltr'><strong>fundis,</strong></span> <span class='ocrx_word' id='word_1_148' title='bbox 1429 2582 1618 2648; x_wconf 86' lang='lat' dir='ltr'><strong>quibus</strong></span> <span class='ocrx_word' id='word_1_149' title='bbox 1655 2575 1658 2582; x_wconf 55' lang='grc'><strong>”</strong></span> 
     </span>
    </p>
   </div>
   <div class='ocr_carea' id='block_1_12' title="bbox 548 2655 1619 2722">
    <p class='ocr_par' dir='ltr' id='par_1_14' title="bbox 548 2655 1619 2722">
     <span class='ocr_line' id='line_1_27' title="bbox 548 2655 1619 2722; baseline 0.005 -18"><span class='ocrx_word' id='word_1_150' title='bbox 548 2670 647 2706; x_wconf 85' lang='lat' dir='ltr'><strong>nec</strong></span> <span class='ocrx_word' id='word_1_151' title='bbox 668 2655 748 2706; x_wconf 85' lang='lat' dir='ltr'><strong>fas</strong></span> <span class='ocrx_word' id='word_1_152' title='bbox 783 2665 866 2708; x_wconf 90' lang='lat' dir='ltr'><strong>est</strong></span> <span class='ocrx_word' id='word_1_153' title='bbox 903 2673 1122 2722; x_wconf 80' lang='lat' dir='ltr'><strong>parcere</strong></span> <span class='ocrx_word' id='word_1_154' title='bbox 1145 2659 1214 2708; x_wconf 90' lang='lat' dir='ltr'><strong>ad</strong></span> <span class='ocrx_word' id='word_1_155' title='bbox 1243 2659 1619 2710; x_wconf 75' lang='lat' dir='ltr'><strong>sublevandam</strong></span> 
     </span>
    </p>
   </div>
   <div class='ocr_carea' id='block_1_13' title="bbox 547 2735 1617 2859">
    <p class='ocr_par' dir='ltr' id='par_1_15' title="bbox 547 2735 1617 2859">
     <span class='ocr_line' id='line_1_28' title="bbox 549 2735 1617 2821; baseline 0.002 -38"><span class='ocrx_word' id='word_1_156' title='bbox 549 2739 752 2821; x_wconf 71' lang='lat' dir='ltr'><strong>tantam</strong></span> <span class='ocrx_word' id='word_1_157' title='bbox 791 2735 909 2799; x_wconf 85' lang='lat' dir='ltr'><strong>ejus</strong></span> <span class='ocrx_word' id='word_1_158' title='bbox 951 2736 1316 2787; x_wconf 82' lang='lat' dir='ltr'><strong>necessitatem</strong></span> <span class='ocrx_word' id='word_1_159' title='bbox 1367 2741 1423 2786; x_wconf 91' lang='lat' dir='ltr'><strong>et</strong></span> <span class='ocrx_word' id='word_1_160' title='bbox 1463 2736 1617 2786; x_wconf 88' lang='lat' dir='ltr'><strong>mise-</strong></span> 
     </span>
     <span class='ocr_line' id='line_1_29' title="bbox 547 2822 674 2859; baseline 0 0"><span class='ocrx_word' id='word_1_161' title='bbox 547 2822 674 2859; x_wconf 74' lang='lat' dir='ltr'><strong>riam</strong></span> 
     </span>
    </p>
   </div>
   <div class='ocr_carea' id='block_1_14' title="bbox 549 2885 1623 3105">
    <p class='ocr_par' dir='ltr' id='par_1_16' title="bbox 549 2885 1623 3105">
     <span class='ocr_line' id='line_1_30' title="bbox 619 2885 1621 2951; baseline 0 -16"><span class='ocrx_word' id='word_1_162' title='bbox 619 2885 833 2951; x_wconf 75' lang='lat' dir='ltr'><strong>Cespite]</strong></span> <span class='ocrx_word' id='word_1_163' title='bbox 887 2888 1063 2951; x_wconf 76' lang='lat' dir='ltr'><strong>cespes</strong></span> <span class='ocrx_word' id='word_1_164' title='bbox 1081 2892 1167 2937; x_wconf 89' lang='lat' dir='ltr'><strong>est</strong></span> <span class='ocrx_word' id='word_1_165' title='bbox 1197 2892 1341 2937; x_wconf 83' lang='lat' dir='ltr'><strong>terra</strong></span> <span class='ocrx_word' id='word_1_166' title='bbox 1361 2901 1479 2938; x_wconf 87' lang='lat' dir='ltr'><strong>cum</strong></span> <span class='ocrx_word' id='word_1_167' title='bbox 1504 2900 1621 2951; x_wconf 78' lang='lat' dir='ltr'><strong>gra-</strong></span> 
     </span>
     <span class='ocr_line' id='line_1_31' title="bbox 551 2962 1623 3040; baseline 0.004 -28"><span class='ocrx_word' id='word_1_168' title='bbox 551 2962 718 3012; x_wconf 80' lang='lat' dir='ltr'><strong>mine=</strong></span> <span class='ocrx_word' id='word_1_169' title='bbox 768 2978 922 3027; x_wconf 73' lang='lat' dir='ltr'><strong>cespes</strong></span> <span class='ocrx_word' id='word_1_170' title='bbox 941 2966 1092 3024; x_wconf 71' lang='lat' dir='ltr'><strong>vim,</strong></span> <span class='ocrx_word' id='word_1_171' title='bbox 1113 2964 1197 3015; x_wconf 89' lang='lat' dir='ltr'><strong>bic</strong></span> <span class='ocrx_word' id='word_1_172' title='bbox 1221 2972 1307 3016; x_wconf 86' lang='lat' dir='ltr'><strong>est</strong></span> <span class='ocrx_word' id='word_1_173' title='bbox 1327 2979 1479 3040; x_wconf 74' lang='lat' dir='ltr'><strong>seges</strong></span> <span class='ocrx_word' id='word_1_174' title='bbox 1508 2965 1623 3030; x_wconf 80' lang='lat' dir='ltr'><strong>ipsa</strong></span> 
     </span>
     <span class='ocr_line' id='line_1_32' title="bbox 549 3037 1293 3105; baseline 0.003 -16"><span class='ocrx_word' id='word_1_175' title='bbox 549 3037 720 3090; x_wconf 80' lang='lat' dir='ltr'><strong>adbuc</strong></span> <span class='ocrx_word' id='word_1_176' title='bbox 738 3038 792 3088; x_wconf 86' lang='lat' dir='ltr'><strong>in</strong></span> <span class='ocrx_word' id='word_1_177' title='bbox 812 3039 991 3105; x_wconf 85' lang='lat' dir='ltr'><strong>herba,</strong></span> <span class='ocrx_word' id='word_1_178' title='bbox 1010 3047 1066 3091; x_wconf 89' lang='lat' dir='ltr'><strong>et</strong></span> <span class='ocrx_word' id='word_1_179' title='bbox 1096 3040 1293 3091; x_wconf 86' lang='lat' dir='ltr'><strong>viridis.</strong></span> 
     </span>
    </p>
   </div>
   <div class='ocr_carea' id='block_1_15' title="bbox 615 3113 1627 3184">
    <p class='ocr_par' dir='ltr' id='par_1_17' title="bbox 615 3113 1627 3184">
     <span class='ocr_line' id='line_1_33' title="bbox 615 3113 1627 3184; baseline 0.001 -17"><span class='ocrx_word' id='word_1_180' title='bbox 615 3121 680 3169; x_wconf 73' lang='lat'><strong>82</strong></span> <span class='ocrx_word' id='word_1_181' title='bbox 715 3119 908 3182; x_wconf 75' lang='lat' dir='ltr'><strong>Frange</strong></span> <span class='ocrx_word' id='word_1_182' title='bbox 935 3113 1142 3184; x_wconf 73' lang='lat' dir='ltr'><strong>aliquid]</strong></span> <span class='ocrx_word' id='word_1_183' title='bbox 1175 3121 1434 3183; x_wconf 79' lang='lat' dir='ltr'><strong>Detrahe,</strong></span> <span class='ocrx_word' id='word_1_184' title='bbox 1457 3120 1627 3183; x_wconf 89' lang='lat' dir='ltr'><strong>deme,</strong></span> 
     </span>
    </p>
   </div>
   <div class='ocr_carea' id='block_1_16' title="bbox 528 3194 1627 3954">
    <p class='ocr_par' dir='ltr' id='par_1_18' title="bbox 539 3194 1626 3336">
     <span class='ocr_line' id='line_1_34' title="bbox 548 3194 1626 3262; baseline 0.003 -19"><span class='ocrx_word' id='word_1_185' title='bbox 548 3208 737 3259; x_wconf 85' lang='lat' dir='ltr'><strong>separa</strong></span> <span class='ocrx_word' id='word_1_186' title='bbox 758 3195 1022 3262; x_wconf 76' lang='lat' dir='ltr'><strong>quidpiam</strong></span> <span class='ocrx_word' id='word_1_187' title='bbox 1057 3194 1125 3245; x_wconf 86' lang='lat' dir='ltr'><strong>de</strong></span> <span class='ocrx_word' id='word_1_188' title='bbox 1155 3201 1267 3260; x_wconf 90' lang='lat' dir='ltr'><strong>tuo,</strong></span> <span class='ocrx_word' id='word_1_189' title='bbox 1294 3196 1436 3262; x_wconf 84' lang='lat' dir='ltr'><strong>quod</strong></span> <span class='ocrx_word' id='word_1_190' title='bbox 1459 3210 1626 3260; x_wconf 81' lang='lat' dir='ltr'><strong>egeno</strong></span> 
     </span>
     <span class='ocr_line' id='line_1_35' title="bbox 539 3270 1227 3336; baseline 0.003 -16"><span class='ocrx_word' id='word_1_191' title='bbox 539 3270 880 3336; x_wconf 82' lang='lat' dir='ltr'><strong>impertiaris.</strong></span> <span class='ocrx_word' id='word_1_192' title='bbox 1222 3329 1227 3334; x_wconf 6' lang='lat' dir='ltr'><strong>p</strong></span> 
     </span>
    </p>

    <p class='ocr_par' dir='ltr' id='par_1_19' title="bbox 528 3347 1627 3954">
     <span class='ocr_line' id='line_1_36' title="bbox 618 3347 1624 3414; baseline 0.003 -18"><span class='ocrx_word' id='word_1_193' title='bbox 618 3347 699 3397; x_wconf 81' lang='lat' dir='ltr'><strong>Ne</strong></span> <span class='ocrx_word' id='word_1_194' title='bbox 715 3348 873 3411; x_wconf 76' lang='lat' dir='ltr'><strong>pictus</strong></span> <span class='ocrx_word' id='word_1_195' title='bbox 891 3347 1099 3412; x_wconf 73' lang='lat' dir='ltr'><strong>oberret]</strong></span> <span class='ocrx_word' id='word_1_196' title='bbox 1135 3349 1220 3399; x_wconf 87' lang='lat' dir='ltr'><strong>Ne</strong></span> <span class='ocrx_word' id='word_1_197' title='bbox 1242 3354 1462 3414; x_wconf 80' lang='lat' dir='ltr'><strong>cogatur</strong></span> <span class='ocrx_word' id='word_1_198' title='bbox 1483 3364 1624 3399; x_wconf 90' lang='lat' dir='ltr'><strong>men-</strong></span> 
     </span>
     <span class='ocr_line' id='line_1_37' title="bbox 551 3421 1627 3489; baseline 0.002 -16"><span class='ocrx_word' id='word_1_199' title='bbox 551 3421 773 3473; x_wconf 84' lang='lat' dir='ltr'><strong>dicando</strong></span> <span class='ocrx_word' id='word_1_200' title='bbox 810 3423 1003 3474; x_wconf 89' lang='lat' dir='ltr'><strong>victum</strong></span> <span class='ocrx_word' id='word_1_201' title='bbox 1038 3426 1341 3489; x_wconf 85' lang='lat' dir='ltr'><strong>quaeritare,</strong></span> <span class='ocrx_word' id='word_1_202' title='bbox 1381 3426 1461 3475; x_wconf 87' lang='lat' dir='ltr'><strong>sui</strong></span> <span class='ocrx_word' id='word_1_203' title='bbox 1497 3440 1627 3476; x_wconf 88' lang='lat' dir='ltr'><strong>nau·</strong></span> 
     </span>
     <span class='ocr_line' id='line_1_38' title="bbox 550 3497 1624 3570; baseline 0.004 -23"><span class='ocrx_word' id='word_1_204' title='bbox 550 3497 706 3564; x_wconf 77' lang='lat' dir='ltr'><strong>fragii</strong></span> <span class='ocrx_word' id='word_1_205' title='bbox 743 3499 992 3549; x_wconf 74' lang='lat' dir='ltr'>exhibens</span> <span class='ocrx_word' id='word_1_206' title='bbox 1039 3500 1336 3570; x_wconf 76' lang='lat' dir='ltr'><strong>imaginem,</strong></span> <span class='ocrx_word' id='word_1_207' title='bbox 1373 3516 1441 3550; x_wconf 84' lang='lat' dir='ltr'><strong>ex</strong></span> <span class='ocrx_word' id='word_1_208' title='bbox 1476 3517 1624 3553; x_wconf 87' lang='lat' dir='ltr'><strong>more</strong></span> 
     </span>
     <span class='ocr_line' id='line_1_39' title="bbox 551 3575 1626 3645; baseline 0.004 -18"><span class='ocrx_word' id='word_1_209' title='bbox 551 3575 934 3643; x_wconf 74' lang='lat' dir='ltr'><strong>naufragorum,</strong></span> <span class='ocrx_word' id='word_1_210' title='bbox 972 3578 1040 3627; x_wconf 87' lang='lat' dir='ltr'><strong>de</strong></span> <span class='ocrx_word' id='word_1_211' title='bbox 1076 3575 1179 3645; x_wconf 87' lang='lat' dir='ltr'><strong>quo</strong></span> <span class='ocrx_word' id='word_1_212' title='bbox 1218 3581 1329 3630; x_wconf 87' lang='lat' dir='ltr'><strong>Sat.</strong></span> <span class='ocrx_word' id='word_1_213' title='bbox 1368 3594 1409 3630; x_wconf 80' lang='grc' dir='ltr'><strong>ι.</strong></span> <span class='ocrx_word' id='word_1_214' title='bbox 1440 3595 1517 3630; x_wconf 87' lang='lat' dir='ltr'><strong>vs.</strong></span> <span class='ocrx_word' id='word_1_215' title='bbox 1539 3584 1626 3633; x_wconf 80' lang='lat'><strong>90.</strong></span> 
     </span>
     <span class='ocr_line' id='line_1_40' title="bbox 550 3655 1621 3722; baseline 0.002 -17"><span class='ocrx_word' id='word_1_216' title='bbox 550 3655 691 3707; x_wconf 86' lang='lat' dir='ltr'><strong>Item</strong></span> <span class='ocrx_word' id='word_1_217' title='bbox 713 3656 899 3708; x_wconf 83' lang='lat' dir='ltr'><strong>Horat.</strong></span> <span class='ocrx_word' id='word_1_218' title='bbox 919 3655 1026 3707; x_wconf 89' lang='lat' dir='ltr'><strong>Od.</strong></span> <span class='ocrx_word' id='word_1_219' title='bbox 1051 3670 1093 3706; x_wconf 79' lang='grc' dir='ltr'><strong>ι.</strong></span> <span class='ocrx_word' id='word_1_220' title='bbox 1110 3662 1162 3709; x_wconf 84' lang='lat'><strong>5.</strong></span> <span class='ocrx_word' id='word_1_221' title='bbox 1182 3658 1274 3722; x_wconf 37' lang='lat' dir='ltr'><strong>,Et</strong></span> <span class='ocrx_word' id='word_1_222' title='bbox 1286 3657 1353 3708; x_wconf 87' lang='lat' dir='ltr'><strong>ad</strong></span> <span class='ocrx_word' id='word_1_223' title='bbox 1369 3655 1621 3708; x_wconf 79' lang='lat' dir='ltr'><strong>Pisones:</strong></span> 
     </span>
     <span class='ocr_line' id='line_1_41' title="bbox 548 3719 1625 3801; baseline 0.003 -18"><span class='ocrx_word' id='word_1_224' title='bbox 548 3733 566 3760; x_wconf 88' lang='lat'>‘</span> <span class='ocrx_word' id='word_1_225' title='bbox 583 3733 638 3783; x_wconf 89' lang='lat' dir='ltr'><strong>Si</strong></span> <span class='ocrx_word' id='word_1_226' title='bbox 657 3732 838 3784; x_wconf 83' lang='lat' dir='ltr'><strong>fractis</strong></span> <span class='ocrx_word' id='word_1_227' title='bbox 856 3741 1247 3799; x_wconf 72' lang='lat' dir='ltr'><strong>enatat&#39;exspes</strong></span> <span class='ocrx_word' id='word_1_228' title='bbox 1265 3719 1625 3801; x_wconf 39' lang='lat' dir='ltr'><strong>Navibus&#39;aere</strong></span> 
     </span>
     <span class='ocr_line' id='line_1_42' title="bbox 528 3810 1625 3884; baseline 0.003 -24"><span class='ocrx_word' id='word_1_229' title='bbox 528 3810 674 3884; x_wconf 33' lang='lat' dir='ltr'><strong>‚dato</strong></span> <span class='ocrx_word' id='word_1_230' title='bbox 713 3811 802 3877; x_wconf 86' lang='lat' dir='ltr'><strong>qui</strong></span> <span class='ocrx_word' id='word_1_231' title='bbox 826 3811 1094 3876; x_wconf 83' lang='lat' dir='ltr'><strong>pingitur.’</strong></span> <span class='ocrx_word' id='word_1_232' title='bbox 1139 3814 1212 3870; x_wconf 77' lang='lat' dir='ltr'><strong>Et</strong></span> <span class='ocrx_word' id='word_1_233' title='bbox 1247 3813 1487 3880; x_wconf 72' lang='lat' dir='ltr'><strong>Juvenal.</strong></span> <span class='ocrx_word' id='word_1_234' title='bbox 1510 3813 1625 3863; x_wconf 87' lang='lat' dir='ltr'><strong>Sat.</strong></span> 
     </span>
     <span class='ocr_line' id='line_1_43' title="bbox 550 3887 1626 3954; baseline 0.001 -17"><span class='ocrx_word' id='word_1_235' title='bbox 550 3900 668 3938; x_wconf 78' lang='lat' dir='ltr'><strong>xxv.</strong></span> <span class='ocrx_word' id='word_1_236' title='bbox 690 3902 767 3937; x_wconf 88' lang='lat' dir='ltr'><strong>vs.</strong></span> <span class='ocrx_word' id='word_1_237' title='bbox 791 3892 906 3938; x_wconf 73' lang='lat'><strong>301.</strong></span> <span class='ocrx_word' id='word_1_238' title='bbox 954 3888 972 3916; x_wconf 90' lang='lat'>‘</span> <span class='ocrx_word' id='word_1_239' title='bbox 998 3888 1175 3938; x_wconf 83' lang='lat' dir='ltr'><strong>Mersa</strong></span> <span class='ocrx_word' id='word_1_240' title='bbox 1194 3896 1310 3939; x_wconf 89' lang='lat' dir='ltr'><strong>rate</strong></span> <span class='ocrx_word' id='word_1_241' title='bbox 1343 3887 1626 3954; x_wconf 80' lang='lat' dir='ltr'><strong>naufragus</strong></span> 
     </span>
    </p>
   </div>
   <div class='ocr_carea' id='block_1_17' title="bbox 551 3965 1625 4103">
    <p class='ocr_par' dir='ltr' id='par_1_20' title="bbox 551 3965 1625 4103">
     <span class='ocr_line' id='line_1_44' title="bbox 551 3965 1625 4029; baseline 0.001 -15"><span class='ocrx_word' id='word_1_242' title='bbox 551 3978 716 4014; x_wconf 79' lang='lat' dir='ltr'><strong>assem</strong></span> <span class='ocrx_word' id='word_1_243' title='bbox 756 3965 901 4014; x_wconf 86' lang='lat' dir='ltr'><strong>Dum</strong></span> <span class='ocrx_word' id='word_1_244' title='bbox 940 3970 1111 4028; x_wconf 80' lang='lat' dir='ltr'><strong>rogat,</strong></span> <span class='ocrx_word' id='word_1_245' title='bbox 1146 3972 1201 4014; x_wconf 89' lang='lat' dir='ltr'><strong>et</strong></span> <span class='ocrx_word' id='word_1_246' title='bbox 1233 3966 1379 4029; x_wconf 85' lang='lat' dir='ltr'><strong>picta</strong></span> <span class='ocrx_word' id='word_1_247' title='bbox 1401 3980 1458 4015; x_wconf 90' lang='lat' dir='ltr'><strong>se</strong></span> <span class='ocrx_word' id='word_1_248' title='bbox 1494 3971 1625 4015; x_wconf 82' lang='lat' dir='ltr'><strong>tem-</strong></span> 
     </span>
     <span class='ocr_line' id='line_1_45' title="bbox 559 4039 999 4103; baseline 0.002 -14"><span class='ocrx_word' id='word_1_249' title='bbox 559 4046 771 4103; x_wconf 81' lang='lat' dir='ltr'><strong>pestate</strong></span> <span class='ocrx_word' id='word_1_250' title='bbox 788 4039 999 4090; x_wconf 64' lang='lat' dir='ltr'><strong>tuetur?</strong></span> 
     </span>
    </p>
   </div>
   <div class='ocr_carea' id='block_1_18' title="bbox 555 4117 1630 4325">
    <p class='ocr_par' dir='ltr' id='par_1_21' title="bbox 555 4117 1630 4325">
     <span class='ocr_line' id='line_1_46' title="bbox 618 4117 1627 4183; baseline 0.004 -16"><span class='ocrx_word' id='word_1_251' title='bbox 618 4120 683 4167; x_wconf 71' lang='grc'><strong>83</strong></span> <span class='ocrx_word' id='word_1_252' title='bbox 734 4118 950 4166; x_wconf 77' lang='lat' dir='ltr'><strong>Coeruleu</strong></span> <span class='ocrx_word' id='word_1_253' title='bbox 990 4117 1045 4166; x_wconf 74' lang='lat' dir='ltr'><strong>in</strong></span> <span class='ocrx_word' id='word_1_254' title='bbox 1087 4118 1272 4183; x_wconf 73' lang='lat' dir='ltr'><strong>tabula]</strong></span> <span class='ocrx_word' id='word_1_255' title='bbox 1322 4119 1538 4170; x_wconf 71' lang='lat' dir='ltr'><strong>&#39;Fabella</strong></span> <span class='ocrx_word' id='word_1_256' title='bbox 1573 4120 1627 4170; x_wconf 89' lang='lat' dir='ltr'><strong>in</strong></span> 
     </span>
     <span class='ocr_line' id='line_1_47' title="bbox 555 4192 1630 4258; baseline 0.003 -14"><span class='ocrx_word' id='word_1_257' title='bbox 555 4207 659 4258; x_wconf 81' lang='lat' dir='ltr'><strong>qua</strong></span> <span class='ocrx_word' id='word_1_258' title='bbox 678 4207 819 4243; x_wconf 88' lang='lat' dir='ltr'><strong>mare</strong></span> <span class='ocrx_word' id='word_1_259' title='bbox 850 4192 1131 4244; x_wconf 78' lang='lat' dir='ltr'><strong>caeruleum</strong></span> <span class='ocrx_word' id='word_1_260' title='bbox 1161 4194 1422 4255; x_wconf 79' lang='lat' dir='ltr'><strong>coloribus</strong></span> <span class='ocrx_word' id='word_1_261' title='bbox 1452 4195 1630 4247; x_wconf 82' lang='lat' dir='ltr'><strong>adum-</strong></span> 
     </span>
     <span class='ocr_line' id='line_1_48' title="bbox 557 4268 890 4325; baseline -0.012 0"><span class='ocrx_word' id='word_1_262' title='bbox 557 4268 768 4325; x_wconf 66' lang='lat' dir='ltr'><strong>brutum</strong></span> <span class='ocrx_word' id='word_1_263' title='bbox 790 4275 890 4325; x_wconf 71' lang='lat' dir='ltr'><strong>est.</strong></span> 
     </span>
    </p>
   </div>
   <div class='ocr_carea' id='block_1_19' title="bbox 1691 1486 2799 3797">
    <p class='ocr_par' dir='ltr' id='par_1_22' title="bbox 1691 1486 2799 2564">
     <span class='ocr_line' id='line_1_49' title="bbox 1758 1486 2764 1559; baseline -0.017 -5"><span class='ocrx_word' id='word_1_264' title='bbox 1758 1502 1855 1554; x_wconf 79' lang='lat' dir='ltr'><strong>Sed</strong></span> <span class='ocrx_word' id='word_1_265' title='bbox 1893 1515 2070 1553; x_wconf 75' lang='lat' dir='ltr'><strong>coenam</strong></span> <span class='ocrx_word' id='word_1_266' title='bbox 2095 1497 2286 1559; x_wconf 57' lang='lat' dir='ltr'><strong>fauetis</strong></span> <span class='ocrx_word' id='word_1_267' title='bbox 2322 1496 2471 1545; x_wconf 73' lang='lat' dir='ltr'><strong>hares</strong></span> <span class='ocrx_word' id='word_1_268' title='bbox 2515 1486 2764 1554; x_wconf 69' lang='lat' dir='ltr'><strong>Negliget]</strong></span> 
     </span>
     <span class='ocr_line' id='line_1_50' title="bbox 1692 1569 2799 1644; baseline -0.016 -13"><span class='ocrx_word' id='word_1_269' title='bbox 1692 1578 1999 1644; x_wconf 70' lang='lat' dir='ltr'><strong>Respondet</strong></span> <span class='ocrx_word' id='word_1_270' title='bbox 2017 1590 2228 1627; x_wconf 86' lang='lat' dir='ltr'><strong>avarus:</strong></span> <span class='ocrx_word' id='word_1_271' title='bbox 2284 1572 2475 1628; x_wconf 79' lang='lat' dir='ltr'><strong>atenim</strong></span> <span class='ocrx_word' id='word_1_272' title='bbox 2499 1570 2543 1619; x_wconf 84' lang='lat' dir='ltr'><strong>si</strong></span> <span class='ocrx_word' id='word_1_273' title='bbox 2564 1569 2642 1617; x_wconf 85' lang='lat' dir='ltr'><strong>ita</strong></span> <span class='ocrx_word' id='word_1_274' title='bbox 2673 1581 2764 1631; x_wconf 87' lang='lat' dir='ltr'><strong>pa·</strong></span> <span class='ocrx_word' id='word_1_275' title='bbox 2793 1580 2799 1585; x_wconf 92' lang='lat'>·</span> 
     </span>
     <span class='ocr_line' id='line_1_51' title="bbox 1691 1644 2765 1715; baseline -0.011 -7"><span class='ocrx_word' id='word_1_276' title='bbox 1691 1656 1987 1708; x_wconf 85' lang='lat' dir='ltr'><strong>trimonium</strong></span> <span class='ocrx_word' id='word_1_277' title='bbox 2029 1652 2258 1715; x_wconf 84' lang='lat' dir='ltr'><strong>effundo,</strong></span> <span class='ocrx_word' id='word_1_278' title='bbox 2290 1652 2454 1699; x_wconf 86' lang='lat' dir='ltr'><strong>iratus</strong></span> <span class='ocrx_word' id='word_1_279' title='bbox 2487 1648 2657 1697; x_wconf 79' lang='lat' dir='ltr'><strong>hoeres</strong></span> <span class='ocrx_word' id='word_1_280' title='bbox 2697 1644 2765 1696; x_wconf 91' lang='lat' dir='ltr'><strong>ob</strong></span> 
     </span>
     <span class='ocr_line' id='line_1_52' title="bbox 1691 1722 2768 1789; baseline -0.012 -5"><span class='ocrx_word' id='word_1_281' title='bbox 1691 1733 2011 1784; x_wconf 83' lang='lat' dir='ltr'><strong>imminutam</strong></span> <span class='ocrx_word' id='word_1_282' title='bbox 2048 1729 2428 1789; x_wconf 70' lang='lat' dir='ltr'><strong>ba‘reditatem,</strong></span> <span class='ocrx_word' id='word_1_283' title='bbox 2450 1730 2655 1774; x_wconf 88' lang='lat' dir='ltr'><strong>mortuo</strong></span> <span class='ocrx_word' id='word_1_284' title='bbox 2675 1722 2768 1771; x_wconf 91' lang='lat' dir='ltr'><strong>mi-</strong></span> 
     </span>
     <span class='ocr_line' id='line_1_53' title="bbox 1692 1796 2768 1873; baseline -0.013 -14"><span class='ocrx_word' id='word_1_285' title='bbox 1692 1810 1746 1858; x_wconf 86' lang='lat' dir='ltr'><strong>hi</strong></span> <span class='ocrx_word' id='word_1_286' title='bbox 1776 1808 1925 1873; x_wconf 86' lang='lat' dir='ltr'><strong>justa.</strong></span> <span class='ocrx_word' id='word_1_287' title='bbox 1943 1821 2047 1856; x_wconf 89' lang='lat' dir='ltr'><strong>non</strong></span> <span class='ocrx_word' id='word_1_288' title='bbox 2073 1805 2354 1870; x_wconf 82' lang='lat' dir='ltr'><strong>persolvet,</strong></span> <span class='ocrx_word' id='word_1_289' title='bbox 2372 1807 2573 1851; x_wconf 86' lang='lat' dir='ltr'><strong>sumtus</strong></span> <span class='ocrx_word' id='word_1_290' title='bbox 2616 1796 2768 1847; x_wconf 89' lang='lat' dir='ltr'><strong>omit·</strong></span> 
     </span>
     <span class='ocr_line' id='line_1_54' title="bbox 1693 1875 2767 1950; baseline -0.01 -13"><span class='ocrx_word' id='word_1_291' title='bbox 1693 1893 1773 1940; x_wconf 88' lang='lat' dir='ltr'><strong>tet</strong></span> <span class='ocrx_word' id='word_1_292' title='bbox 1812 1892 1869 1937; x_wconf 92' lang='lat' dir='ltr'><strong>et</strong></span> <span class='ocrx_word' id='word_1_293' title='bbox 1903 1890 2183 1950; x_wconf 86' lang='lat' dir='ltr'><strong>apparatus</strong></span> <span class='ocrx_word' id='word_1_294' title='bbox 2224 1880 2482 1931; x_wconf 84' lang='lat' dir='ltr'><strong>funebres.</strong></span> <span class='ocrx_word' id='word_1_295' title='bbox 2559 1879 2650 1928; x_wconf 89' lang='lat' dir='ltr'><strong>De</strong></span> <span class='ocrx_word' id='word_1_296' title='bbox 2688 1875 2767 1926; x_wconf 87' lang='lat' dir='ltr'><strong>his</strong></span> 
     </span>
     <span class='ocr_line' id='line_1_55' title="bbox 1693 1957 2769 2015; baseline -0.012 0"><span class='ocrx_word' id='word_1_297' title='bbox 1693 1964 1808 2015; x_wconf 86' lang='lat' dir='ltr'><strong>fuse</strong></span> <span class='ocrx_word' id='word_1_298' title='bbox 1831 1963 1986 2014; x_wconf 83' lang='lat' dir='ltr'><strong>Alex.</strong></span> <span class='ocrx_word' id='word_1_299' title='bbox 2011 1961 2077 2011; x_wconf 83' lang='lat' dir='ltr'><strong>ab</strong></span> <span class='ocrx_word' id='word_1_300' title='bbox 2098 1959 2253 2010; x_wconf 84' lang='lat' dir='ltr'><strong>Alex.</strong></span> <span class='ocrx_word' id='word_1_301' title='bbox 2274 1972 2361 2009; x_wconf 87' lang='lat'><strong>111.</strong></span> <span class='ocrx_word' id='word_1_302' title='bbox 2383 1962 2434 2007; x_wconf 82' lang='grc'><strong>7.</strong></span> <span class='ocrx_word' id='word_1_303' title='bbox 2501 1957 2674 2005; x_wconf 88' lang='lat' dir='ltr'><strong>Porro</strong></span> <span class='ocrx_word' id='word_1_304' title='bbox 2704 1968 2769 2003; x_wconf 81' lang='lat' dir='ltr'><strong>ea</strong></span> 
     </span>
     <span class='ocr_line' id='line_1_56' title="bbox 1695 2032 2768 2109; baseline -0.013 -15"><span class='ocrx_word' id='word_1_305' title='bbox 1695 2042 2019 2109; x_wconf 83' lang='lat' dir='ltr'><strong>quorundam</strong></span> <span class='ocrx_word' id='word_1_306' title='bbox 2075 2045 2190 2089; x_wconf 80' lang='lat' dir='ltr'><strong>erat</strong></span> <span class='ocrx_word' id='word_1_307' title='bbox 2238 2036 2475 2097; x_wconf 86' lang='lat' dir='ltr'><strong>ambitio,</strong></span> <span class='ocrx_word' id='word_1_308' title='bbox 2539 2032 2768 2082; x_wconf 81' lang='lat' dir='ltr'><strong>max-ime</strong></span> 
     </span>
     <span class='ocr_line' id='line_1_57' title="bbox 1694 2112 2772 2182; baseline -0.014 -13"><span class='ocrx_word' id='word_1_309' title='bbox 1694 2119 1901 2169; x_wconf 74' lang='lat' dir='ltr'><strong>illorum</strong></span> <span class='ocrx_word' id='word_1_310' title='bbox 1925 2117 2016 2182; x_wconf 90' lang='lat' dir='ltr'><strong>qui</strong></span> <span class='ocrx_word' id='word_1_311' title='bbox 2040 2112 2237 2179; x_wconf 80' lang='lat' dir='ltr'><strong>inglorii</strong></span> <span class='ocrx_word' id='word_1_312' title='bbox 2258 2112 2512 2171; x_wconf 84' lang='lat' dir='ltr'><strong>vixerant,</strong></span> <span class='ocrx_word' id='word_1_313' title='bbox 2537 2114 2596 2157; x_wconf 87' lang='lat' dir='ltr'><strong>ut</strong></span> <span class='ocrx_word' id='word_1_314' title='bbox 2620 2113 2772 2172; x_wconf 80' lang='lat' dir='ltr'><strong>opta-</strong></span> 
     </span>
     <span class='ocr_line' id='line_1_58' title="bbox 1694 2183 2772 2258; baseline -0.014 -11"><span class='ocrx_word' id='word_1_315' title='bbox 1694 2203 1814 2247; x_wconf 90' lang='lat' dir='ltr'><strong>rent</strong></span> <span class='ocrx_word' id='word_1_316' title='bbox 1852 2192 2179 2258; x_wconf 80' lang='lat' dir='ltr'><strong>magnificum</strong></span> <span class='ocrx_word' id='word_1_317' title='bbox 2216 2188 2314 2239; x_wconf 89' lang='lat' dir='ltr'><strong>sibi</strong></span> <span class='ocrx_word' id='word_1_318' title='bbox 2357 2186 2513 2236; x_wconf 80' lang='lat' dir='ltr'><strong>funus</strong></span> <span class='ocrx_word' id='word_1_319' title='bbox 2555 2183 2681 2234; x_wconf 86' lang='lat' dir='ltr'><strong>duci</strong></span> <span class='ocrx_word' id='word_1_320' title='bbox 2705 2189 2772 2232; x_wconf 87' lang='lat' dir='ltr'><strong>-et</strong></span> 
     </span>
     <span class='ocr_line' id='line_1_59' title="bbox 1695 2261 2772 2339; baseline -0.014 -15"><span class='ocrx_word' id='word_1_321' title='bbox 1695 2272 1904 2339; x_wconf 85' lang='lat' dir='ltr'><strong>parari;</strong></span> <span class='ocrx_word' id='word_1_322' title='bbox 1953 2267 2187 2335; x_wconf 87' lang='lat' dir='ltr'><strong>inprimis</strong></span> <span class='ocrx_word' id='word_1_323' title='bbox 2218 2270 2392 2316; x_wconf 86' lang='lat' dir='ltr'><strong>autem</strong></span> <span class='ocrx_word' id='word_1_324' title='bbox 2414 2261 2605 2312; x_wconf 84' lang='lat' dir='ltr'><strong>ferales</strong></span> <span class='ocrx_word' id='word_1_325' title='bbox 2645 2274 2772 2324; x_wconf 85' lang='lat' dir='ltr'><strong>epu·</strong></span> 
     </span>
     <span class='ocr_line' id='line_1_60' title="bbox 1696 2337 2773 2404; baseline -0.013 -4"><span class='ocrx_word' id='word_1_326' title='bbox 1696 2352 1774 2400; x_wconf 81' lang='lat' dir='ltr'><strong>las</strong></span> <span class='ocrx_word' id='word_1_327' title='bbox 1797 2354 1855 2399; x_wconf 91' lang='lat' dir='ltr'><strong>et</strong></span> <span class='ocrx_word' id='word_1_328' title='bbox 1875 2345 2211 2397; x_wconf 86' lang='lat' dir='ltr'><strong>novendiales</strong></span> <span class='ocrx_word' id='word_1_329' title='bbox 2234 2340 2443 2403; x_wconf 87' lang='lat' dir='ltr'><strong>instrui,</strong></span> <span class='ocrx_word' id='word_1_330' title='bbox 2464 2353 2529 2390; x_wconf 91' lang='lat' dir='ltr'><strong>eo</strong></span> <span class='ocrx_word' id='word_1_331' title='bbox 2552 2337 2697 2404; x_wconf 85' lang='lat' dir='ltr'><strong>quod</strong></span> <span class='ocrx_word' id='word_1_332' title='bbox 2716 2337 2773 2386; x_wconf 91' lang='lat' dir='ltr'><strong>in</strong></span> 
     </span>
     <span class='ocr_line' id='line_1_61' title="bbox 1696 2415 2778 2478; baseline -0.014 0"><span class='ocrx_word' id='word_1_333' title='bbox 1696 2427 1775 2477; x_wconf 85' lang='lat' dir='ltr'><strong>his</strong></span> <span class='ocrx_word' id='word_1_334' title='bbox 1797 2441 1908 2477; x_wconf 86' lang='lat' dir='ltr'><strong>mos</strong></span> <span class='ocrx_word' id='word_1_335' title='bbox 1944 2430 2061 2475; x_wconf 87' lang='lat' dir='ltr'><strong>erat</strong></span> <span class='ocrx_word' id='word_1_336' title='bbox 2089 2419 2356 2471; x_wconf 79' lang='lat' dir='ltr'><strong>celebrare</strong></span> <span class='ocrx_word' id='word_1_337' title='bbox 2392 2415 2628 2467; x_wconf 84' lang='lat' dir='ltr'><strong>defuncti</strong></span> <span class='ocrx_word' id='word_1_338' title='bbox 2665 2415 2778 2478; x_wconf 32' lang='lat' dir='ltr'><strong>lau·-</strong></span> 
     </span>
     <span class='ocr_line' id='line_1_62' title="bbox 1698 2500 2099 2564; baseline -0.012 -9"><span class='ocrx_word' id='word_1_339' title='bbox 1698 2505 1809 2555; x_wconf 89' lang='lat' dir='ltr'><strong>des.</strong></span> <span class='ocrx_word' id='word_1_340' title='bbox 1841 2561 1846 2564; x_wconf 46' lang='grc'><strong>,</strong></span> <span class='ocrx_word' id='word_1_341' title='bbox 1878 2500 2099 2552; x_wconf 86' lang='lat' dir='ltr'><strong>Casaub.</strong></span> 
     </span>
    </p>

    <p class='ocr_par' dir='ltr' id='par_1_23' title="bbox 1698 2570 2783 3797">
     <span class='ocr_line' id='line_1_63' title="bbox 1713 2570 2773 2640; baseline -0.016 -7"><span class='ocrx_word' id='word_1_342' title='bbox 1713 2627 1720 2634; x_wconf 79' lang='grc'>,</span> <span class='ocrx_word' id='word_1_343' title='bbox 1768 2582 1963 2630; x_wconf 73' lang='lat' dir='ltr'><strong>Coenam</strong></span> <span class='ocrx_word' id='word_1_344' title='bbox 1980 2577 2195 2640; x_wconf 73' lang='lat' dir='ltr'><strong>funeris]</strong></span> <span class='ocrx_word' id='word_1_345' title='bbox 2236 2571 2419 2624; x_wconf 83' lang='lat' dir='ltr'><strong>Tobiae</strong></span> <span class='ocrx_word' id='word_1_346' title='bbox 2443 2585 2492 2620; x_wconf 89' lang='lat' dir='ltr'><strong>c.</strong></span> <span class='ocrx_word' id='word_1_347' title='bbox 2514 2573 2567 2619; x_wconf 85' lang='grc'><strong>4.</strong></span> <span class='ocrx_word' id='word_1_348' title='bbox 2590 2584 2668 2619; x_wconf 88' lang='lat' dir='ltr'><strong>vs.</strong></span> <span class='ocrx_word' id='word_1_349' title='bbox 2692 2570 2773 2617; x_wconf 79' lang='lat'><strong>18.</strong></span> 
     </span>
     <span class='ocr_line' id='line_1_64' title="bbox 1700 2645 2775 2722; baseline -0.015 -13"><span class='ocrx_word' id='word_1_350' title='bbox 1700 2659 1777 2709; x_wconf 88' lang='lat' dir='ltr'><strong>sic</strong></span> <span class='ocrx_word' id='word_1_351' title='bbox 1814 2659 2031 2722; x_wconf 82' lang='lat' dir='ltr'><strong>legitur:</strong></span> <span class='ocrx_word' id='word_1_352' title='bbox 2066 2657 2081 2683; x_wconf 90' lang='lat'>‘</span> <span class='ocrx_word' id='word_1_353' title='bbox 2104 2657 2305 2705; x_wconf 89' lang='lat' dir='ltr'><strong>Panem</strong></span> <span class='ocrx_word' id='word_1_354' title='bbox 2330 2659 2474 2703; x_wconf 88' lang='lat' dir='ltr'><strong>tuum</strong></span> <span class='ocrx_word' id='word_1_355' title='bbox 2508 2654 2566 2697; x_wconf 92' lang='lat' dir='ltr'><strong>et</strong></span> <span class='ocrx_word' id='word_1_356' title='bbox 2597 2645 2775 2696; x_wconf 89' lang='lat' dir='ltr'><strong>viuum</strong></span> 
     </span>
     <span class='ocr_line' id='line_1_65' title="bbox 1699 2721 2780 2797; baseline -0.015 -12"><span class='ocrx_word' id='word_1_357' title='bbox 1699 2741 1846 2785; x_wconf 88' lang='lat' dir='ltr'><strong>tuum</strong></span> <span class='ocrx_word' id='word_1_358' title='bbox 1880 2747 2038 2797; x_wconf 87' lang='lat' dir='ltr'><strong>super</strong></span> <span class='ocrx_word' id='word_1_359' title='bbox 2074 2732 2406 2796; x_wconf 71' lang='lat' dir='ltr'><strong>sepulturam¹</strong></span> <span class='ocrx_word' id='word_1_360' title='bbox 2415 2724 2551 2791; x_wconf 80' lang='lat' dir='ltr'><strong>justi</strong></span> <span class='ocrx_word' id='word_1_361' title='bbox 2590 2721 2780 2772; x_wconf 71' lang='lat' dir='ltr'><strong>consti-</strong></span> 
     </span>
     <span class='ocr_line' id='line_1_66' title="bbox 1699 2797 2776 2875; baseline -0.016 -12"><span class='ocrx_word' id='word_1_362' title='bbox 1699 2819 1822 2872; x_wconf 89' lang='lat' dir='ltr'><strong>tue;</strong></span> <span class='ocrx_word' id='word_1_363' title='bbox 1856 2818 1913 2860; x_wconf 88' lang='lat' dir='ltr'><strong>et</strong></span> <span class='ocrx_word' id='word_1_364' title='bbox 1936 2810 2004 2860; x_wconf 90' lang='lat' dir='ltr'><strong>de</strong></span> <span class='ocrx_word' id='word_1_365' title='bbox 2040 2824 2103 2859; x_wconf 91' lang='lat' dir='ltr'><strong>eo</strong></span> <span class='ocrx_word' id='word_1_366' title='bbox 2140 2806 2249 2858; x_wconf 87' lang='lat' dir='ltr'><strong>noli</strong></span> <span class='ocrx_word' id='word_1_367' title='bbox 2284 2803 2596 2875; x_wconf 80' lang='lat' dir='ltr'><strong>manducare</strong></span> <span class='ocrx_word' id='word_1_368' title='bbox 2619 2804 2679 2849; x_wconf 92' lang='lat' dir='ltr'><strong>et</strong></span> <span class='ocrx_word' id='word_1_369' title='bbox 2696 2797 2776 2847; x_wconf 88' lang='lat' dir='ltr'><strong>bi-</strong></span> 
     </span>
     <span class='ocr_line' id='line_1_67' title="bbox 1698 2876 2777 2952; baseline -0.015 -12"><span class='ocrx_word' id='word_1_370' title='bbox 1698 2889 1826 2939; x_wconf 85' lang='lat' dir='ltr'><strong>bere</strong></span> <span class='ocrx_word' id='word_1_371' title='bbox 1849 2902 1967 2938; x_wconf 87' lang='lat' dir='ltr'><strong>cum</strong></span> <span class='ocrx_word' id='word_1_372' title='bbox 1989 2881 2390 2952; x_wconf 65' lang='lat' dir='ltr'><strong>peccatoribus?</strong></span> <span class='ocrx_word' id='word_1_373' title='bbox 2425 2881 2542 2933; x_wconf 79' lang='lat' dir='ltr'><strong>Quo</strong></span> <span class='ocrx_word' id='word_1_374' title='bbox 2564 2876 2777 2943; x_wconf 76' lang='lat' dir='ltr'><strong>quidem</strong></span> 
     </span>
     <span class='ocr_line' id='line_1_68' title="bbox 1699 2954 2778 3022; baseline -0.015 -7"><span class='ocrx_word' id='word_1_375' title='bbox 1699 2964 1889 3015; x_wconf 79' lang='lat' dir='ltr'><strong>Tobias</strong></span> <span class='ocrx_word' id='word_1_376' title='bbox 1910 2962 2073 3016; x_wconf 86' lang='lat' dir='ltr'><strong>filium</strong></span> <span class='ocrx_word' id='word_1_377' title='bbox 2095 2962 2257 3012; x_wconf 91' lang='lat' dir='ltr'><strong>docet</strong></span> <span class='ocrx_word' id='word_1_378' title='bbox 2286 2954 2700 3022; x_wconf 83' lang='lat' dir='ltr'><strong>hospitalitatem</strong></span> <span class='ocrx_word' id='word_1_379' title='bbox 2721 2956 2778 3000; x_wconf 87' lang='lat' dir='ltr'><strong>et</strong></span> 
     </span>
     <span class='ocr_line' id='line_1_69' title="bbox 1705 3028 2780 3104; baseline -0.015 -11"><span class='ocrx_word' id='word_1_380' title='bbox 1705 3043 2064 3104; x_wconf 83' lang='lat' dir='ltr'><strong>eleemosynas</strong></span> <span class='ocrx_word' id='word_1_381' title='bbox 2110 3038 2164 3088; x_wconf 91' lang='lat' dir='ltr'><strong>in</strong></span> <span class='ocrx_word' id='word_1_382' title='bbox 2207 3050 2399 3101; x_wconf 74' lang='lat' dir='ltr'><strong>egenos</strong></span> <span class='ocrx_word' id='word_1_383' title='bbox 2438 3028 2780 3092; x_wconf 81' lang='lat' dir='ltr'><strong>exercendas,</strong></span> 
     </span>
     <span class='ocr_line' id='line_1_70' title="bbox 1708 3104 2779 3182; baseline -0.014 -14"><span class='ocrx_word' id='word_1_384' title='bbox 1708 3118 1777 3167; x_wconf 89' lang='lat' dir='ltr'><strong>ad</strong></span> <span class='ocrx_word' id='word_1_385' title='bbox 1817 3116 2129 3182; x_wconf 88' lang='lat' dir='ltr'><strong>placandum</strong></span> <span class='ocrx_word' id='word_1_386' title='bbox 2166 3116 2362 3174; x_wconf 88' lang='lat' dir='ltr'><strong>Deum,</strong></span> <span class='ocrx_word' id='word_1_387' title='bbox 2400 3116 2458 3160; x_wconf 91' lang='lat' dir='ltr'><strong>et</strong></span> <span class='ocrx_word' id='word_1_388' title='bbox 2490 3104 2779 3171; x_wconf 79' lang='lat' dir='ltr'><strong>expiandas</strong></span> 
     </span>
     <span class='ocr_line' id='line_1_71' title="bbox 1706 3180 2780 3258; baseline -0.013 -14"><span class='ocrx_word' id='word_1_389' title='bbox 1706 3195 1978 3258; x_wconf 85' lang='lat' dir='ltr'><strong>culparum</strong></span> <span class='ocrx_word' id='word_1_390' title='bbox 2009 3190 2282 3256; x_wconf 83' lang='lat' dir='ltr'><strong>reliquias:</strong></span> <span class='ocrx_word' id='word_1_391' title='bbox 2333 3201 2500 3252; x_wconf 88' lang='lat' dir='ltr'><strong>neque</strong></span> <span class='ocrx_word' id='word_1_392' title='bbox 2527 3180 2780 3247; x_wconf 86' lang='lat' dir='ltr'><strong>supersti-</strong></span> 
     </span>
     <span class='ocr_line' id='line_1_72' title="bbox 1706 3259 2779 3328; baseline -0.016 -3"><span class='ocrx_word' id='word_1_393' title='bbox 1706 3273 1905 3328; x_wconf 85' lang='lat' dir='ltr'><strong>tionem</strong></span> <span class='ocrx_word' id='word_1_394' title='bbox 1944 3269 2279 3320; x_wconf 87' lang='lat' dir='ltr'><strong>Ethnicorum</strong></span> <span class='ocrx_word' id='word_1_395' title='bbox 2314 3265 2453 3315; x_wconf 87' lang='lat' dir='ltr'><strong>tueri</strong></span> <span class='ocrx_word' id='word_1_396' title='bbox 2487 3266 2666 3327; x_wconf 87' lang='lat' dir='ltr'><strong>potest</strong></span> <span class='ocrx_word' id='word_1_397' title='bbox 2687 3259 2779 3308; x_wconf 88' lang='lat' dir='ltr'><strong>ille</strong></span> 
     </span>
     <span class='ocr_line' id='line_1_73' title="bbox 1701 3333 2782 3408; baseline -0.015 -9"><span class='ocrx_word' id='word_1_398' title='bbox 1701 3351 1864 3399; x_wconf 88' lang='lat' dir='ltr'><strong>locus.</strong></span> <span class='ocrx_word' id='word_1_399' title='bbox 1933 3347 2211 3397; x_wconf 87' lang='lat' dir='ltr'><strong>Enimvero</strong></span> <span class='ocrx_word' id='word_1_400' title='bbox 2232 3341 2373 3408; x_wconf 86' lang='lat' dir='ltr'><strong>apud</strong></span> <span class='ocrx_word' id='word_1_401' title='bbox 2396 3355 2484 3391; x_wconf 88' lang='lat' dir='ltr'><strong>eos</strong></span> <span class='ocrx_word' id='word_1_402' title='bbox 2504 3350 2655 3388; x_wconf 85' lang='lat' dir='ltr'><strong>coena</strong></span> <span class='ocrx_word' id='word_1_403' title='bbox 2674 3333 2782 3384; x_wconf 82' lang='lat' dir='ltr'><strong>fuit</strong></span> 
     </span>
     <span class='ocr_line' id='line_1_74' title="bbox 1702 3414 2782 3489; baseline -0.008 -14"><span class='ocrx_word' id='word_1_404' title='bbox 1702 3425 1979 3489; x_wconf 79' lang='lat' dir='ltr'><strong>multiplex</strong></span> <span class='ocrx_word' id='word_1_405' title='bbox 2024 3429 2081 3472; x_wconf 87' lang='lat' dir='ltr'><strong>et</strong></span> <span class='ocrx_word' id='word_1_406' title='bbox 2124 3421 2269 3472; x_wconf 85' lang='lat' dir='ltr'><strong>varia</strong></span> <span class='ocrx_word' id='word_1_407' title='bbox 2312 3420 2369 3469; x_wconf 86' lang='lat' dir='ltr'><strong>in</strong></span> <span class='ocrx_word' id='word_1_408' title='bbox 2409 3414 2694 3467; x_wconf 82' lang='lat' dir='ltr'><strong>funeribus.</strong></span> <span class='ocrx_word' id='word_1_409' title='bbox 2728 3416 2782 3466; x_wconf 68' lang='lat'><strong>1.</strong></span> 
     </span>
     <span class='ocr_line' id='line_1_75' title="bbox 1703 3495 2781 3567; baseline -0.015 -13"><span class='ocrx_word' id='word_1_410' title='bbox 1703 3500 2117 3567; x_wconf 88' lang='lat' dir='ltr'><strong>Imponebantur</strong></span> <span class='ocrx_word' id='word_1_411' title='bbox 2154 3512 2277 3560; x_wconf 74' lang='lat' dir='ltr'><strong>rogo</strong></span> <span class='ocrx_word' id='word_1_412' title='bbox 2327 3495 2493 3559; x_wconf 82' lang='lat' dir='ltr'><strong>epulae</strong></span> <span class='ocrx_word' id='word_1_413' title='bbox 2551 3498 2609 3541; x_wconf 87' lang='lat' dir='ltr'><strong>et</strong></span> <span class='ocrx_word' id='word_1_414' title='bbox 2656 3504 2781 3540; x_wconf 82' lang='lat' dir='ltr'><strong>cum</strong></span> 
     </span>
     <span class='ocr_line' id='line_1_76' title="bbox 1704 3569 2781 3633; baseline -0.011 -2"><span class='ocrx_word' id='word_1_415' title='bbox 1704 3580 1964 3631; x_wconf 81' lang='lat' dir='ltr'><strong>cadavere</strong></span> <span class='ocrx_word' id='word_1_416' title='bbox 2002 3574 2384 3627; x_wconf 78' lang='lat' dir='ltr'><strong>cremabantur.</strong></span> <span class='ocrx_word' id='word_1_417' title='bbox 2432 3570 2619 3633; x_wconf 77' lang='lat' dir='ltr'><strong>virgil.</strong></span> <span class='ocrx_word' id='word_1_418' title='bbox 2658 3569 2781 3621; x_wconf 78' lang='lat' dir='ltr'><strong>AEn.</strong></span> 
     </span>
     <span class='ocr_line' id='line_1_77' title="bbox 1706 3643 2783 3720; baseline -0.013 -13"><span class='ocrx_word' id='word_1_419' title='bbox 1706 3671 1783 3709; x_wconf 81' lang='lat' dir='ltr'><strong>vr.</strong></span> <span class='ocrx_word' id='word_1_420' title='bbox 1816 3656 1832 3716; x_wconf 59' lang='lat' dir='ltr'>f</span> <span class='ocrx_word' id='word_1_421' title='bbox 1857 3658 2120 3720; x_wconf 78' lang='lat' dir='ltr'><strong>Congesta</strong></span> <span class='ocrx_word' id='word_1_422' title='bbox 2142 3656 2443 3703; x_wconf 86' lang='lat' dir='ltr'><strong>cremantur</strong></span> <span class='ocrx_word' id='word_1_423' title='bbox 2462 3648 2668 3697; x_wconf 73' lang='lat' dir='ltr'><strong>Tinurea</strong></span> <span class='ocrx_word' id='word_1_424' title='bbox 2688 3643 2783 3695; x_wconf 88' lang='lat' dir='ltr'><strong>do-</strong></span> 
     </span>
     <span class='ocr_line' id='line_1_78' title="bbox 1705 3721 2783 3797; baseline -0.013 -13"><span class='ocrx_word' id='word_1_425' title='bbox 1705 3748 1792 3796; x_wconf 84' lang='lat' dir='ltr'><strong>na,</strong></span> <span class='ocrx_word' id='word_1_426' title='bbox 1813 3733 1995 3797; x_wconf 87' lang='lat' dir='ltr'><strong>dapes,</strong></span> <span class='ocrx_word' id='word_1_427' title='bbox 2013 3730 2129 3781; x_wconf 82' lang='lat' dir='ltr'><strong>fuso</strong></span> <span class='ocrx_word' id='word_1_428' title='bbox 2150 3735 2381 3779; x_wconf 82' lang='lat' dir='ltr'><strong>crateres</strong></span> <span class='ocrx_word' id='word_1_429' title='bbox 2399 3724 2569 3775; x_wconf 87' lang='lat' dir='ltr'><strong>olivo.&#39;</strong></span> <span class='ocrx_word' id='word_1_430' title='bbox 2633 3721 2783 3787; x_wconf 83' lang='lat' dir='ltr'><strong>Apu-</strong></span> 
     </span>
    </p>
   </div>
   <div class='ocr_carea' id='block_1_20' title="bbox 1705 3800 2784 4255">
    <p class='ocr_par' dir='ltr' id='par_1_24' title="bbox 1705 3800 2784 4255">
     <span class='ocr_line' id='line_1_79' title="bbox 1706 3800 2781 3868; baseline -0.014 -7"><span class='ocrx_word' id='word_1_431' title='bbox 1706 3810 1840 3860; x_wconf 84' lang='lat' dir='ltr'><strong>leius</strong></span> <span class='ocrx_word' id='word_1_432' title='bbox 1873 3808 2071 3860; x_wconf 86' lang='lat' dir='ltr'><strong>Florid.</strong></span> <span class='ocrx_word' id='word_1_433' title='bbox 2092 3812 2143 3858; x_wconf 83' lang='lat'><strong>4.</strong></span> <span class='ocrx_word' id='word_1_434' title='bbox 2176 3806 2262 3855; x_wconf 80' lang='lat' dir='ltr'><strong>vel</strong></span> <span class='ocrx_word' id='word_1_435' title='bbox 2283 3804 2455 3868; x_wconf 84' lang='lat' dir='ltr'><strong>potius</strong></span> <span class='ocrx_word' id='word_1_436' title='bbox 2482 3805 2563 3849; x_wconf 78' lang='lat'><strong>19.</strong></span> <span class='ocrx_word' id='word_1_437' title='bbox 2632 3801 2648 3827; x_wconf 90' lang='lat'>‘</span> <span class='ocrx_word' id='word_1_438' title='bbox 2670 3800 2781 3848; x_wconf 84' lang='lat' dir='ltr'><strong>Ex-</strong></span> 
     </span>
     <span class='ocr_line' id='line_1_80' title="bbox 1706 3874 2780 3937; baseline -0.012 -1"><span class='ocrx_word' id='word_1_439' title='bbox 1706 3887 1954 3936; x_wconf 85' lang='lat' dir='ltr'><strong>clamavit</strong></span> <span class='ocrx_word' id='word_1_440' title='bbox 2007 3884 2185 3932; x_wconf 89' lang='lat' dir='ltr'><strong>vivere</strong></span> <span class='ocrx_word' id='word_1_441' title='bbox 2253 3877 2532 3937; x_wconf 85' lang='lat' dir='ltr'><strong>hominem,</strong></span> <span class='ocrx_word' id='word_1_442' title='bbox 2588 3874 2780 3937; x_wconf 83' lang='lat' dir='ltr'><strong>procul</strong></span> 
     </span>
     <span class='ocr_line' id='line_1_81' title="bbox 1705 3949 2784 4029; baseline -0.013 -15"><span class='ocrx_word' id='word_1_443' title='bbox 1705 3964 1854 4029; x_wconf 74' lang='lat' dir='ltr'><strong>ignes</strong></span> <span class='ocrx_word' id='word_1_444' title='bbox 1878 3959 2235 4016; x_wconf 83' lang='lat' dir='ltr'><strong>amolirentur,</strong></span> <span class='ocrx_word' id='word_1_445' title='bbox 2264 3969 2446 4019; x_wconf 80' lang='lat' dir='ltr'><strong>rogum</strong></span> <span class='ocrx_word' id='word_1_446' title='bbox 2468 3949 2784 4003; x_wconf 82' lang='lat' dir='ltr'><strong>demoliren-</strong></span> 
     </span>
     <span class='ocr_line' id='line_1_82' title="bbox 1707 4026 2783 4102; baseline -0.014 -11"><span class='ocrx_word' id='word_1_447' title='bbox 1707 4048 1809 4102; x_wconf 88' lang='lat' dir='ltr'><strong>tur,</strong></span> <span class='ocrx_word' id='word_1_448' title='bbox 1863 4051 2062 4088; x_wconf 85' lang='lat' dir='ltr'><strong>coenam</strong></span> <span class='ocrx_word' id='word_1_449' title='bbox 2119 4031 2335 4083; x_wconf 68' lang='lat' dir='ltr'><strong>feralem</strong></span> <span class='ocrx_word' id='word_1_450' title='bbox 2386 4046 2417 4079; x_wconf 88' lang='lat' dir='ltr'><strong>a</strong></span> <span class='ocrx_word' id='word_1_451' title='bbox 2469 4028 2669 4078; x_wconf 88' lang='lat' dir='ltr'><strong>tumulo</strong></span> <span class='ocrx_word' id='word_1_452' title='bbox 2709 4026 2783 4077; x_wconf 80' lang='lat' dir='ltr'><strong>ad</strong></span> 
     </span>
     <span class='ocr_line' id='line_1_83' title="bbox 1707 4104 2782 4177; baseline -0.015 -10"><span class='ocrx_word' id='word_1_453' title='bbox 1707 4129 1938 4167; x_wconf 88' lang='lat' dir='ltr'><strong>mensam</strong></span> <span class='ocrx_word' id='word_1_454' title='bbox 1961 4108 2243 4177; x_wconf 69' lang='lat' dir='ltr'><strong>inferrent!</strong></span> <span class='ocrx_word' id='word_1_455' title='bbox 2289 4112 2341 4157; x_wconf 74' lang='lat'><strong>2.</strong></span> <span class='ocrx_word' id='word_1_456' title='bbox 2372 4104 2627 4155; x_wconf 88' lang='lat' dir='ltr'><strong>Funebris</strong></span> <span class='ocrx_word' id='word_1_457' title='bbox 2658 4109 2782 4154; x_wconf 73' lang='lat' dir='ltr'><strong>erat</strong></span> 
     </span>
     <span class='ocr_line' id='line_1_84' title="bbox 1706 4178 2782 4255; baseline -0.013 -11"><span class='ocrx_word' id='word_1_458' title='bbox 1706 4206 1878 4255; x_wconf 86' lang='lat' dir='ltr'><strong>coena,</strong></span> <span class='ocrx_word' id='word_1_459' title='bbox 1916 4189 2068 4255; x_wconf 83' lang='lat' dir='ltr'><strong>cujus</strong></span> <span class='ocrx_word' id='word_1_460' title='bbox 2111 4183 2345 4236; x_wconf 89' lang='lat' dir='ltr'><strong>meminit</strong></span> <span class='ocrx_word' id='word_1_461' title='bbox 2375 4181 2572 4231; x_wconf 78' lang='lat' dir='ltr'><strong>Tullius</strong></span> <span class='ocrx_word' id='word_1_462' title='bbox 2609 4192 2676 4230; x_wconf 81' lang='grc' dir='ltr'><strong>ιι.</strong></span> <span class='ocrx_word' id='word_1_463' title='bbox 2709 4178 2782 4230; x_wconf 80' lang='lat' dir='ltr'><strong>de</strong></span> 
     </span>
    </p>
   </div>
   <div class='ocr_carea' id='block_1_21' title="bbox 1709 4254 2782 4338">
    <p class='ocr_par' dir='ltr' id='par_1_25' title="bbox 1709 4254 2782 4338">
     <span class='ocr_line' id='line_1_85' title="bbox 1709 4254 2782 4338; baseline -0.016 -16"><span class='ocrx_word' id='word_1_464' title='bbox 1709 4271 1834 4338; x_wconf 76' lang='lat' dir='ltr'><strong>Leg.</strong></span> <span class='ocrx_word' id='word_1_465' title='bbox 1856 4282 1907 4319; x_wconf 91' lang='lat' dir='ltr'><strong>n.</strong></span> <span class='ocrx_word' id='word_1_466' title='bbox 1927 4271 2009 4320; x_wconf 73' lang='lat'><strong>63.</strong></span> <span class='ocrx_word' id='word_1_467' title='bbox 2026 4266 2137 4318; x_wconf 79' lang='lat' dir='ltr'><strong>haec</strong></span> <span class='ocrx_word' id='word_1_468' title='bbox 2157 4261 2399 4324; x_wconf 79' lang='lat' dir='ltr'><strong>nimirum</strong></span> <span class='ocrx_word' id='word_1_469' title='bbox 2416 4257 2638 4321; x_wconf 59' lang='lat' dir='ltr'><strong>dabatur</strong></span> <span class='ocrx_word' id='word_1_470' title='bbox 2653 4254 2782 4320; x_wconf 60' lang='lat' dir='ltr'><strong>ami·</strong></span> 
     </span>
    </p>
   </div>
   <div class='ocr_carea' id='block_1_22' title="bbox 3037 638 3054 2308">
    <p class='ocr_par' dir='ltr' id='par_1_26' title="bbox 3037 638 3054 2308">
     <span class='ocr_line' id='line_1_86' title="bbox 3037 638 3054 2308; baseline 0 0"><span class='ocrx_word' id='word_1_471' title='bbox 3037 638 3054 2308; x_wconf 95' lang='lat' dir='ltr'><strong> </strong></span> 
     </span>
    </p>
   </div>
   <div class='ocr_carea' id='block_1_23' title="bbox 3038 3077 3053 4317">
    <p class='ocr_par' dir='ltr' id='par_1_27' title="bbox 3038 3077 3053 4317">
     <span class='ocr_line' id='line_1_87' title="bbox 3038 3077 3053 4317; baseline 0 0"><span class='ocrx_word' id='word_1_472' title='bbox 3038 3077 3053 4317; x_wconf 95' lang='lat' dir='ltr'><strong> </strong></span> 
     </span>
    </p>
   </div>
  </div>
 </body>
</html>
