3084 4934
1279 411 1557 461 ss‘rins
1607 414 1654 461 1.
1699 392 1702 401 '

2483 348 2588 463 ’43

366 554 710 635 Quidnam
738 555 935 640 igitur
960 561 1278 636 tenerum,
1308 563 1374 622 et
1398 560 1562 623 laxa
1590 559 1850 639 cervice
1878 559 2223 643 legendum
2242 561 2273 624 'i

368 659 574 725 Torva
609 657 1030 724 Mimalloneis
1059 660 1389 744 implerunt
1421 682 1654 724 cornua
1680 659 1951 728 bombis:

364 761 476 853 Et,
509 760 790 849 Raptum
822 760 1018 826 vitulo
1045 772 1231 847 caput
1256 760 1554 826 ablatura
1586 764 1842 848 superbo

364 861 662 929 Bassaris
681 892 702 929 .-
760 871 845 946 et,
881 862 1152 952 Lyncem
1179 863 1695 948 Mamasflexura
1724 868 2047 954 corymbis,

2449 768 2578 833 100

361 1050 558 1112 Ecquod
581 1038 695 1113 ergo
715 1042 920 1101 car'men
942 1053 1098 1114 molle,
1121 1058 1166 1102 et
1185 1042 1585 1116 pronuntiandum
1605 1054 1757 1117 capite
1778 1050 2000 1117 deflexo?
2036 1054 2371 1119 Nempehaec
2393 1072 2404 1103 :
2439 1055 2578 1120 infla·

361 1119 477 1164 runt
505 1115 644 1164 tubas
687 1115 923 1166 terribiles
959 1118 1088 1168 souis
1125 1117 1489 1180 Bacchantum,
1528 1123 1577 1166 et
1609 1133 1725 1167 mox
1749 1121 1913 1182 Agave
1948 1124 2169 1183 ereptura
2200 1125 2339 1185 caput
2368 1120 2579 1171 ablatam

1298 1246 1653 1266 OOOOONW

359 1333 496 1386 Edd.
543 1337 877 1388 multae.—99
908 1338 1202 1389 Mimalionis
1222 1339 1447 1390 c.—102
1484 1339 1670 1389 Euhion
1706 1338 1932 1411 (λυ-,104
1968 1337 2106 1389 Olim
2148 1339 2254 1390 levi
2288 1339 2576 1395 mutatione

1294 1514 1299 1519 .
1350 1474 1568 1525 NOTAE

356 1581 446 1630 sed
495 1584 668 1634 calore
705 1586 840 1637 Solis
884 1591 940 1637 et
972 1593 1130 1639 aetate
1162 1589 1427 1653 paululum

352 1659 625 1714 imminuto
671 1673 725 1716 et
760 1667 978 1719 siccato.
1044 1669 1176 1719 Vide
1204 1669 1425 1723 Quintil.

355 1738 394 1789 l.
421 1752 477 1789 x.
594 1736 597 1743 ”

362 1864 369 1869 .
418 1816 734 1883 Praegrandi]
770 1819 875 1871 Alii
908 1823 1108 1888 legunt,
1131 1825 1392 1888 voegrandi.

419 1892 620 1957 Suom]
656 1896 823 1962 Saber,
857 1900 1011 1951 arbor
1052 1915 1241 1951 crassae
1273 1902 1426 1952 corti-

356 1971 449 2035 cis,
472 1971 608 2023 Plin.
633 1988 751 2025 xvi.
776 1980 825 2027 8.

358 2046 363 2049 ’
423 2048 642 2115 Coctam]
664 2051 947 2112 Maturum,
969 2052 1174 2116 durum,
1193 2053 1425 2105 solidum.

354 2122 425 2174 Et
462 2127 836 2194 metaphorice,
888 2130 1009 2194 igne
1056 2130 1204 2195 quasi
1237 2132 1424 2196 judicii

356 2208 647 2267 excoctum,
692 2212 747 2254 et
788 2206 1107 2258 elaboratum
1154 2208 1221 2258 ad
1261 2226 1425 2261 amus-

355 2291 467 2327 sim.

415 2359 480 2405 98
541 2357 781 2413 Quidnam
835 2360 990 2424 igitur
1035 2367 1265 2428 tenerum,
1317 2366 1422 2429 ξω]

352 2430 704 2484 Excandescit
727 2437 969 2502 monitor,
1000 2444 1055 2488 et
1093 2439 1148 2490 in
1185 2440 1422 2491 Persium

349 2507 605 2574 insurgit:
655 2513 856 2577 ecquod
902 2530 1028 2580 ergo
1070 2532 1281 2569 carmen
1327 2518 1422 2569 tibi

351 2587 561 2637 tandem
610 2590 950 2653 probabitur?
1017 2594 1172 2646 Quod
1211 2610 1419 2646 carmen

352 2660 626 2727 legendum
649 2667 759 2716 siue
783 2669 887 2718 ulla
909 2667 1265 2734 affectatione,
1300 2673 1423 2739 quia

349 2755 445 2806 per
483 2757 598 2793 sese
638 2746 1135 2797 commendationem
1173 2748 1421 2799 habebit?
1456 2784 1463 2789 -

354 2814 438 2866 An
460 2834 583 2867 vero
624 2822 781 2870 ullum
817 2830 916 2886 est,
942 2823 1076 2889 quod
1114 2825 1218 2890 legi
1256 2826 1422 2891 possit

352 2893 464 2945 laxa
486 2897 680 2960 cervice,
698 2913 757 2946 ac
777 2898 993 2962 perinde
1017 2914 1256 2964 magnum
1274 2908 1424 2952 sonet

352 2977 406 3021 et
445 2973 661 3037 grande,
705 2976 936 3039 quamvis
973 2975 1109 3025 haud
1148 2984 1327 3027 erecta
1368 2985 1424 3028 et

348 3051 574 3114 superba
606 3053 808 3117 legatur
842 3054 1083 3104 cervice?
1137 3055 1274 3120 quod
1309 3052 1422 3120 quiss

347 3124 465 3176 dem
506 3129 715 3178 solenne
756 3135 838 3180 est
873 3136 929 3180 et
968 3131 1174 3182 solitum
1232 3132 1415 3183 Poetis

347 3199 536 3252 inflatis
571 3204 802 3269 turgidos
842 3221 961 3256 suos
999 3222 1179 3257 versus
1202 3209 1416 3272 legenti-

348 3276 465 3342 bus,
488 3280 575 3345 qui
599 3296 836 3345 magnum
861 3282 988 3348 quid
1006 3282 1071 3332 de
1096 3299 1151 3334 se
1172 3284 1270 3348 ipsi
1289 3285 1415 3335 suis-

351 3369 450 3419 que
472 3357 785 3407 carminibus
804 3360 1053 3424 sentiunt,
1077 3367 1132 3411 et
1162 3362 1275 3411 aliis
1300 3377 1419 3427 per-

349 3435 568 3485 suadere
626 3436 863 3486 nituntur
913 3438 1135 3502 superbo
1184 3439 1274 3488 illo
1325 3454 1418 3489 suo

351 3522 519 3574 gestu.

412 3593 478 3638 99
517 3589 667 3639 Torva
708 3589 1049 3654 Mimalloneis]
1114 3590 1418 3655 Respondet

347 3665 545 3717 ironice
579 3667 821 3717 Persius:
870 3669 982 3718 haec
1020 3681 1209 3731 nempe
1249 3669 1416 3718 Nero-

348 3745 517 3810 niana,
551 3760 580 3795 e
607 3747 824 3796 Bacchis
848 3746 980 3811 ejuS,
1003 3746 1255 3796 concinna
1278 3753 1415 3796 sunt.

346 3822 513 3872 Porro
527 3823 581 3872 in
596 3823 705 3873 istis
719 3824 951 3874 versibus
966 3824 1132 3873 mollis
1147 3830 1227 3873 est
1244 3824 1419 3889 rhyth-

348 3915 461 3971 mus
497 3907 552 3950 et
578 3898 871 3963 affectatus,
894 3908 1127 3952 ceterum
1168 3915 1317 3965 quam
1345 3910 1421 3952 te-

347 3977 464 4027 nuis
483 3985 746 4043 sensuS,et
764 3978 1042 4028 vei-borum
1060 3979 1247 4029 tumori
1266 3995 1419 4043 quam

348 4054 611 4105 minimum
654 4056 964 4120 respondet!
1037 4058 1166 4106 Sunt
1207 4056 1295 4122 qui
1331 4071 1419 4105 ne-

350 4137 477 4196 gent
496 4147 676 4182 versus
713 4133 804 4183 hos
830 4133 1055 4182 Neronis
1097 4146 1229 4197 esse,
1261 4133 1354 4181 scd
1389 4148 1420 4182 a

348 4208 534 4259 Persio
571 4210 634 4260 ad
672 4209 1059 4260 similitudinem
1097 4208 1418 4260 Neroniano-

350 4300 464 4336 rum
488 4286 738 4339 confictos
796 4295 856 4337 ut
896 4286 1126 4337 dicemus
1164 4283 1301 4336 iufra
1336 4302 1414 4339 vs.

1507 1593 1622 1639 121.
1645 1589 1711 1638 ad
1733 1589 1844 1638 haec
1868 1586 2059 1637 verba:
2111 1585 2127 1614 ‘
2152 1583 2427 1637 Auriculas
2446 1586 2576 1637 asini

1505 1664 1620 1731 quis
1644 1680 1747 1714 non
1771 1664 1932 1715 habet
1946 1663 1979 1713 ?’

1572 1745 1748 1807 Torva]
1793 1744 1892 1794 Vel
1915 1758 1945 1792 a
1970 1743 2215 1793 terrendo
2239 1744 2388 1809 quasi
2409 1750 2543 1795 cerva
2557 1760 2578 1804 ,-

1505 1821 1590 1870 vel
1612 1824 1742 1870 torta
1764 1836 1794 1870 a
1818 1820 2125 1886 torquendo,
2139 1820 2194 1869 id
2218 1827 2317 1884 est,
2336 1819 2543 1872 inflexa.

1572 1896 1920 1960 Mimalloneis]
1986 1897 2196 1960 Mimas,
2218 1897 2371 1962 antis,
2410 1898 2573 1949 Ioniae

1504 1988 1671 2036 mons,
1693 1973 1745 2023 iu
1771 1989 1873 2038 quo
1909 1973 2074 2037 Orgia
2095 1974 2305 2023 Baccho
2345 1974 2578 2025 celebra·

1505 2052 1717 2102 bantur.
1785 2052 1929 2103 Hinc
1951 2054 2277 2104 Bacchantes
2300 2052 2457 2103 dictae
2477 2053 2577 2104 Mi·

1504 2130 1768 2179 mallones.

1570 2205 1834 2269 Implerrmt
1854 2206 2050 2270 cornua]
2114 2206 2289 2255 Vento
2312 2203 2580 2270 inflamur,

1505 2284 1561 2330 et
1584 2283 1909 2332 cecinerunt.
1980 2280 2043 2331 Id
2067 2287 2166 2346 est,
2201 2280 2375 2331 statim
2416 2286 2574 2346 atque

1504 2357 1702 2422 siguum
1733 2359 1911 2408 datum
1952 2366 2029 2409 est
2070 2358 2453 2409 Bacchantibus
2476 2374 2573 2424 per

1505 2436 1673 2486 tubas.

1576 2514 1787 2581 Bombis]
1833 2515 1951 2564 Vox
1986 2516 2050 2564 ad
2083 2513 2425 2565 imitationem
2462 2512 2574 2563 soni

1500 2588 1659 2641 facta.
1724 2591 1943 2655 Proprie
1964 2590 2152 2640 bombus
2186 2596 2269 2640 est
2303 2591 2392 2640 ille
2421 2604 2573 2640 sonus

1502 2683 1656 2732 quem
1680 2668 1845 2718 edunt
1869 2683 2014 2733 apes.

1567 2748 1663 2794 100
1705 2745 1887 2809 Visula]
1952 2745 2210 2806 Pentheo,
2249 2759 2402 2809 quem
2437 2742 2572 2793 vitu-

1501 2821 1607 2870 lum
1656 2837 1771 2872 esse
1816 2822 2156 2872 crediderunt
2196 2821 2426 2871 furentes
2470 2821 2572 2871 inae

1502 2899 1766 2963 mulieres,
1788 2899 2003 2964 ipsaque
2026 2898 2207 2963 Agave
2239 2898 2350 2962 ejus
2387 2903 2574 2947 mater.

1504 2974 1697 3025 Horat.
1721 2977 1835 3025 Sat.
1859 2987 1919 3026 ιι.
1942 2979 1991 3025 3.
2073 2975 2147 3026 At
2169 2974 2327 3026 Ovid.
2352 2975 2571 3025 Metam.

1503 3064 1590 3100 111.
1610 3066 1791 3116 aprum
1815 3051 1917 3100 illis
1939 3052 2121 3113 visum,
2144 3051 2236 3115 ait,
2260 3065 2471 3115 remque
2495 3059 2573 3101 to-

1502 3133 1612 3176 tam
1636 3129 1903 3192 eleganter
1926 3127 2192 3178 describit.

1570 3205 1727 3268 Capat
1749 3203 1992 3266 ablatura]
2057 3204 2239 3268 Agave
2264 3204 2461 3255 Bacchi
2483 3204 2574 3254 Sa-

1494 3281 1678 3331 cerdos
1717 3282 1906 3331 ceteris
1960 3282 2345 3332 Bacchantibus
2391 3282 2571 3346 adjuta

1499 3364 1716 3407 mortem
1735 3358 1914 3408 intulit
1950 3359 2162 3423 proprio
2185 3357 2292 3408 filio
2315 3357 2574 3422 Pentheo,

1500 3449 1564 3484 eo
1589 3449 1689 3499 quo
1713 3449 1816 3483 non
1842 3435 2056 3497 licebat,
2079 3436 2386 3497 accedenti;
2422 3436 2574 3500 eique

1501 3513 1668 3576 prima
1691 3513 1915 3562 omnium
1939 3519 2100 3578 caput
2134 3513 2328 3563 ademit
2350 3512 2572 3563 Bacchi-

1500 3603 1566 3638 co
1590 3589 1766 3638 furore
1789 3589 2010 3653 percita.
2547 3608 2560 3615 ·

1564 3665 1796 3730 Superbo]
1899 3666 2223 3717 Contemtori
2290 3666 2569 3730 Orgiorum

1498 3749 1553 3793 et
1583 3744 1854 3793 Sacrorum
1874 3743 2092 3794 Bacchi.
2160 3743 2567 3807 Metamorphos.

1498 3834 1626 3870 1111.
1671 3819 2075 3871 Bacchanalium
2102 3820 2279 3870 Romae
2303 3821 2572 3888 originem,

1501 3903 1558 3947 et
1609 3896 1993 3962 abrogationem
2033 3897 2168 3961 lege,
2207 3896 2250 3945 si
2289 3896 2387 3959 vis,
2427 3896 2568 3960 apud

1498 3976 1606 4026 Tit.
1628 3975 1742 4026 Liv.
1762 3989 1962 4025 xxxix.
1988 3979 2034 4026 8.
2058 3981 2115 4024 et
2136 3974 2487 4038 sequentibus.

1566 4056 1658 4101 101
1695 4051 1940 4114 Bassaris]
2009 4050 2187 4115 Agave
2210 4055 2283 4100 ita
2306 4051 2568 4116 cognomi-

1498 4138 1626 4181 nata
1646 4132 1780 4180 sicut
1799 4137 1853 4180 et
1875 4131 1988 4179 aliae
2019 4129 2207 4179 Bacchi
2242 4129 2569 4195 sacrificulae,

1499 4225 1531 4257 a
1556 4210 1779 4258 Bassara
1799 4208 1979 4271 Libyae
2002 4207 2140 4270 locu,
2173 4207 2262 4256 ubi
2296 4207 2567 4258 colebatur

1495 4285 1757 4351 Bacchus,
1776 4289 1834 4336 ut
1854 4285 1973 4336 vult
1995 4282 2208 4347 Acron3
2259 4285 2343 4336 vel
2377 4299 2410 4334 a
2441 4284 2572 4335 Baa-
