<?xml version="1.0" encoding="UTF-8"?>
<!DOCTYPE html PUBLIC "-//W3C//DTD XHTML 1.0 Transitional//EN"
    "http://www.w3.org/TR/xhtml1/DTD/xhtml1-transitional.dtd">
<html xmlns="http://www.w3.org/1999/xhtml" xml:lang="en" lang="en">
 <head>
  <title>
</title>
<meta http-equiv="Content-Type" content="text/html;charset=utf-8" />
  <meta name='ocr-system' content='tesseract 3.04.00' />
  <meta name='ocr-capabilities' content='ocr_page ocr_carea ocr_par ocr_line ocrx_word'/>
</head>
<body>
  <div class='ocr_page' id='page_1' title='image "./operaomnia00persgoog_0226.png"; bbox 0 0 3084 4934; ppageno 0'>
   <div class='ocr_carea' id='block_1_1' title="bbox 510 327 539 346">
    <p class='ocr_par' dir='ltr' id='par_1_1' title="bbox 510 327 539 346">
     <span class='ocr_line' id='line_1_1' title="bbox 510 327 539 346; baseline 0 0"><span class='ocrx_word' id='word_1_1' title='bbox 510 327 539 346; x_wconf 50' lang='lat' dir='ltr'>S</span> 
     </span>
    </p>
   </div>
   <div class='ocr_carea' id='block_1_2' title="bbox 568 401 711 471">
    <p class='ocr_par' dir='ltr' id='par_1_2' title="bbox 568 401 711 471">
     <span class='ocr_line' id='line_1_2' title="bbox 568 401 711 471; baseline -0.007 0"><span class='ocrx_word' id='word_1_2' title='bbox 568 401 711 471; x_wconf 64' lang='lat'><strong>212</strong></span> 
     </span>
    </p>
   </div>
   <div class='ocr_carea' id='block_1_3' title="bbox 565 558 1639 1622">
    <p class='ocr_par' dir='ltr' id='par_1_3' title="bbox 565 558 1639 1622">
     <span class='ocr_line' id='line_1_3' title="bbox 569 558 1637 629; baseline -0.005 -14"><span class='ocrx_word' id='word_1_3' title='bbox 569 562 786 629; x_wconf 84' lang='lat' dir='ltr'><strong>Equites</strong></span> <span class='ocrx_word' id='word_1_4' title='bbox 810 560 1032 612; x_wconf 87' lang='lat' dir='ltr'><strong>Romani</strong></span> <span class='ocrx_word' id='word_1_5' title='bbox 1054 560 1142 626; x_wconf 87' lang='lat' dir='ltr'><strong>qui</strong></span> <span class='ocrx_word' id='word_1_6' title='bbox 1176 559 1270 611; x_wconf 90' lang='lat' dir='ltr'><strong>sub</strong></span> <span class='ocrx_word' id='word_1_7' title='bbox 1302 558 1512 625; x_wconf 71' lang='lat' dir='ltr'><strong>regibus</strong></span> <span class='ocrx_word' id='word_1_8' title='bbox 1547 561 1637 610; x_wconf 84' lang='lat' dir='ltr'><strong>Ce-</strong></span> 
     </span>
     <span class='ocr_line' id='line_1_4' title="bbox 568 638 1638 701; baseline -0.006 -8"><span class='ocrx_word' id='word_1_9' title='bbox 568 643 688 694; x_wconf 79' lang='lat' dir='ltr'><strong>leres</strong></span> <span class='ocrx_word' id='word_1_10' title='bbox 717 658 737 692; x_wconf 82' lang='lat'><strong>.-</strong></span> <span class='ocrx_word' id='word_1_11' title='bbox 802 639 989 690; x_wconf 80' lang='lat' dir='ltr'><strong>deinde</strong></span> <span class='ocrx_word' id='word_1_12' title='bbox 1048 638 1390 696; x_wconf 74' lang='lat' dir='ltr'><strong>Flexumines3</strong></span> <span class='ocrx_word' id='word_1_13' title='bbox 1456 643 1638 701; x_wconf 89' lang='lat' dir='ltr'><strong>postea</strong></span> 
     </span>
     <span class='ocr_line' id='line_1_5' title="bbox 574 714 1635 777; baseline -0.007 -8"><span class='ocrx_word' id='word_1_14' title='bbox 574 717 782 769; x_wconf 66' lang='lat' dir='ltr'><strong>stossrdi</strong></span> <span class='ocrx_word' id='word_1_15' title='bbox 799 716 928 767; x_wconf 89' lang='lat' dir='ltr'><strong>dicti</strong></span> <span class='ocrx_word' id='word_1_16' title='bbox 946 721 1085 777; x_wconf 83' lang='lat' dir='ltr'><strong>sunt,</strong></span> <span class='ocrx_word' id='word_1_17' title='bbox 1114 720 1244 764; x_wconf 88' lang='lat' dir='ltr'><strong>teste</strong></span> <span class='ocrx_word' id='word_1_18' title='bbox 1263 714 1433 763; x_wconf 81' lang='lat' dir='ltr'><strong>Plinio</strong></span> <span class='ocrx_word' id='word_1_19' title='bbox 1448 726 1635 762; x_wconf 83' lang='lat' dir='ltr'><strong>xxxn.</strong></span> 
     </span>
     <span class='ocr_line' id='line_1_6' title="bbox 565 790 1635 860; baseline -0.008 -13"><span class='ocrx_word' id='word_1_20' title='bbox 565 800 616 847; x_wconf 80' lang='lat'><strong>2.</strong></span> <span class='ocrx_word' id='word_1_21' title='bbox 639 794 780 860; x_wconf 87' lang='lat' dir='ltr'><strong>quod</strong></span> <span class='ocrx_word' id='word_1_22' title='bbox 813 792 1018 843; x_wconf 88' lang='lat' dir='ltr'><strong>scilicet</strong></span> <span class='ocrx_word' id='word_1_23' title='bbox 1051 792 1160 841; x_wconf 88' lang='lat' dir='ltr'><strong>sine</strong></span> <span class='ocrx_word' id='word_1_24' title='bbox 1194 790 1477 856; x_wconf 76' lang='lat' dir='ltr'>peditibus,</span> <span class='ocrx_word' id='word_1_25' title='bbox 1500 790 1635 839; x_wconf 82' lang='lat' dir='ltr'><strong>duce</strong></span> 
     </span>
     <span class='ocr_line' id='line_1_7' title="bbox 568 867 1635 933; baseline -0.007 -9"><span class='ocrx_word' id='word_1_26' title='bbox 568 871 782 933; x_wconf 88' lang='lat' dir='ltr'><strong>Numio,</strong></span> <span class='ocrx_word' id='word_1_27' title='bbox 804 869 1103 919; x_wconf 78' lang='lat' dir='ltr'><strong>Trossulum</strong></span> <span class='ocrx_word' id='word_1_28' title='bbox 1126 868 1393 919; x_wconf 76' lang='lat' dir='ltr'><strong>Hetruriae</strong></span> <span class='ocrx_word' id='word_1_29' title='bbox 1424 867 1635 931; x_wconf 89' lang='lat' dir='ltr'><strong>opidum</strong></span> 
     </span>
     <span class='ocr_line' id='line_1_8' title="bbox 565 945 1635 1013; baseline -0.007 -13"><span class='ocrx_word' id='word_1_30' title='bbox 565 964 671 1000; x_wconf 90' lang='lat' dir='ltr'><strong>non</strong></span> <span class='ocrx_word' id='word_1_31' title='bbox 709 948 888 1013; x_wconf 88' lang='lat' dir='ltr'><strong>procul</strong></span> <span class='ocrx_word' id='word_1_32' title='bbox 926 961 958 996; x_wconf 82' lang='lat' dir='ltr'><strong>a</strong></span> <span class='ocrx_word' id='word_1_33' title='bbox 993 945 1198 995; x_wconf 86' lang='lat' dir='ltr'><strong>Volscis</strong></span> <span class='ocrx_word' id='word_1_34' title='bbox 1232 949 1635 1009; x_wconf 77' lang='lat' dir='ltr'><strong>expugnassent.</strong></span> 
     </span>
     <span class='ocr_line' id='line_1_9' title="bbox 565 1020 1635 1086; baseline -0.008 -11"><span class='ocrx_word' id='word_1_35' title='bbox 565 1025 668 1075; x_wconf 85' lang='lat' dir='ltr'><strong>Vel</strong></span> <span class='ocrx_word' id='word_1_36' title='bbox 694 1024 953 1086; x_wconf 60' lang='lat' dir='ltr'><strong>fimum,</strong></span> <span class='ocrx_word' id='word_1_37' title='bbox 978 1026 1036 1071; x_wconf 96' lang='lat' dir='ltr'><strong>ut</strong></span> <span class='ocrx_word' id='word_1_38' title='bbox 1057 1020 1257 1072; x_wconf 88' lang='lat' dir='ltr'><strong>Nonius</strong></span> <span class='ocrx_word' id='word_1_39' title='bbox 1291 1020 1365 1070; x_wconf 86' lang='lat' dir='ltr'><strong>ait</strong></span> <span class='ocrx_word' id='word_1_40' title='bbox 1394 1021 1635 1081; x_wconf 85' lang='lat' dir='ltr'><strong>Torosns,</strong></span> 
     </span>
     <span class='ocr_line' id='line_1_10' title="bbox 566 1095 1637 1170; baseline -0.008 -17"><span class='ocrx_word' id='word_1_41' title='bbox 566 1101 702 1153; x_wconf 85' lang='lat' dir='ltr'><strong>bene</strong></span> <span class='ocrx_word' id='word_1_42' title='bbox 721 1101 948 1160; x_wconf 83' lang='lat' dir='ltr'><strong>habitus,</strong></span> <span class='ocrx_word' id='word_1_43' title='bbox 968 1104 1025 1148; x_wconf 89' lang='lat' dir='ltr'><strong>et</strong></span> <span class='ocrx_word' id='word_1_44' title='bbox 1047 1098 1100 1148; x_wconf 92' lang='lat' dir='ltr'><strong>in</strong></span> <span class='ocrx_word' id='word_1_45' title='bbox 1123 1105 1245 1148; x_wconf 87' lang='lat' dir='ltr'><strong>cute</strong></span> <span class='ocrx_word' id='word_1_46' title='bbox 1268 1095 1497 1170; x_wconf 71' lang='lat' dir='ltr'><strong>curanda</strong></span> <span class='ocrx_word' id='word_1_47' title='bbox 1521 1096 1637 1160; x_wconf 87' lang='lat' dir='ltr'><strong>plus</strong></span> 
     </span>
     <span class='ocr_line' id='line_1_11' title="bbox 568 1174 1637 1245; baseline -0.007 -16"><span class='ocrx_word' id='word_1_48' title='bbox 568 1192 719 1245; x_wconf 83' lang='lat' dir='ltr'><strong>aequo</strong></span> <span class='ocrx_word' id='word_1_49' title='bbox 762 1182 1024 1240; x_wconf 87' lang='lat' dir='ltr'><strong>operatus,</strong></span> <span class='ocrx_word' id='word_1_50' title='bbox 1060 1174 1210 1239; x_wconf 80' lang='lat' dir='ltr'><strong>cuju-s</strong></span> <span class='ocrx_word' id='word_1_51' title='bbox 1249 1175 1394 1224; x_wconf 91' lang='lat' dir='ltr'><strong>Deus</strong></span> <span class='ocrx_word' id='word_1_52' title='bbox 1438 1180 1637 1236; x_wconf 84' lang='lat' dir='ltr'><strong>venter,</strong></span> 
     </span>
     <span class='ocr_line' id='line_1_12' title="bbox 568 1253 1637 1321; baseline -0.007 -15"><span class='ocrx_word' id='word_1_53' title='bbox 568 1253 717 1321; x_wconf 86' lang='lat' dir='ltr'><strong>quasi</strong></span> <span class='ocrx_word' id='word_1_54' title='bbox 746 1253 1042 1315; x_wconf 85' lang='lat' dir='ltr'><strong>Torosulus,</strong></span> <span class='ocrx_word' id='word_1_55' title='bbox 1071 1265 1103 1301; x_wconf 87' lang='lat' dir='ltr'><strong>a</strong></span> <span class='ocrx_word' id='word_1_56' title='bbox 1136 1258 1311 1301; x_wconf 80' lang='lat' dir='ltr'><strong>torosa</strong></span> <span class='ocrx_word' id='word_1_57' title='bbox 1344 1256 1401 1300; x_wconf 89' lang='lat' dir='ltr'><strong>et</strong></span> <span class='ocrx_word' id='word_1_58' title='bbox 1433 1264 1637 1300; x_wconf 79' lang='lat' dir='ltr'><strong>muscu-</strong></span> 
     </span>
     <span class='ocr_line' id='line_1_13' title="bbox 566 1327 1638 1393; baseline -0.007 -11"><span class='ocrx_word' id='word_1_59' title='bbox 566 1332 677 1382; x_wconf 89' lang='lat' dir='ltr'><strong>losa</strong></span> <span class='ocrx_word' id='word_1_60' title='bbox 726 1328 1055 1393; x_wconf 73' lang='lat' dir='ltr'><strong>pinguedine.</strong></span> <span class='ocrx_word' id='word_1_61' title='bbox 1136 1327 1464 1379; x_wconf 74' lang='lat' dir='ltr'><strong>Cusuubonus&#39;</strong></span> <span class='ocrx_word' id='word_1_62' title='bbox 1488 1327 1638 1389; x_wconf 87' lang='lat' dir='ltr'><strong>dicit,</strong></span> 
     </span>
     <span class='ocr_line' id='line_1_14' title="bbox 573 1405 1638 1469; baseline -0.006 -10"><span class='ocrx_word' id='word_1_63' title='bbox 573 1405 813 1459; x_wconf 61' lang='lat' dir='ltr'><strong>mesula,</strong></span> <span class='ocrx_word' id='word_1_64' title='bbox 853 1405 1006 1469; x_wconf 81' lang='lat' dir='ltr'><strong>vulgo</strong></span> <span class='ocrx_word' id='word_1_65' title='bbox 1040 1405 1234 1467; x_wconf 81' lang='lat' dir='ltr'><strong>vocari,</strong></span> <span class='ocrx_word' id='word_1_66' title='bbox 1273 1405 1360 1469; x_wconf 87' lang='lat' dir='ltr'><strong>qui</strong></span> <span class='ocrx_word' id='word_1_67' title='bbox 1399 1405 1545 1455; x_wconf 86' lang='lat' dir='ltr'><strong>cultu</strong></span> <span class='ocrx_word' id='word_1_68' title='bbox 1581 1409 1638 1454; x_wconf 88' lang='lat' dir='ltr'><strong>et</strong></span> 
     </span>
     <span class='ocr_line' id='line_1_15' title="bbox 568 1481 1638 1546; baseline -0.006 -9"><span class='ocrx_word' id='word_1_69' title='bbox 568 1492 683 1537; x_wconf 87' lang='lat' dir='ltr'><strong>toto</strong></span> <span class='ocrx_word' id='word_1_70' title='bbox 727 1484 845 1534; x_wconf 79' lang='lat' dir='ltr'><strong>vitae</strong></span> <span class='ocrx_word' id='word_1_71' title='bbox 901 1497 1090 1546; x_wconf 76' lang='lat' dir='ltr'><strong>genere</strong></span> <span class='ocrx_word' id='word_1_72' title='bbox 1133 1481 1341 1531; x_wconf 84' lang='lat' dir='ltr'><strong>caeteris</strong></span> <span class='ocrx_word' id='word_1_73' title='bbox 1387 1487 1638 1545; x_wconf 72' lang='lat' dir='ltr'><strong>praestaro</strong></span> 
     </span>
     <span class='ocr_line' id='line_1_16' title="bbox 570 1555 1639 1622; baseline -0.006 -10"><span class='ocrx_word' id='word_1_74' title='bbox 570 1558 1105 1621; x_wconf 64' lang='lat' dir='ltr'><strong>venenu-Exsultat]</strong></span> <span class='ocrx_word' id='word_1_75' title='bbox 1136 1555 1346 1608; x_wconf 84' lang='lat' dir='ltr'><strong>Terram</strong></span> <span class='ocrx_word' id='word_1_76' title='bbox 1370 1557 1502 1622; x_wconf 89' lang='lat' dir='ltr'><strong>pede</strong></span> <span class='ocrx_word' id='word_1_77' title='bbox 1525 1563 1639 1607; x_wconf 87' lang='lat' dir='ltr'><strong>tnn-</strong></span> 
     </span>
    </p>
   </div>
   <div class='ocr_carea' id='block_1_4' title="bbox 520 1633 1637 1701">
    <p class='ocr_par' dir='ltr' id='par_1_4' title="bbox 520 1633 1637 1701">
     <span class='ocr_line' id='line_1_17' title="bbox 520 1633 1637 1701; baseline -0.004 -12"><span class='ocrx_word' id='word_1_78' title='bbox 520 1693 521 1696; x_wconf 49' lang='lat'><strong>,</strong></span> <span class='ocrx_word' id='word_1_79' title='bbox 568 1638 666 1701; x_wconf 87' lang='lat' dir='ltr'><strong>dit,</strong></span> <span class='ocrx_word' id='word_1_80' title='bbox 698 1636 917 1701; x_wconf 82' lang='lat' dir='ltr'><strong>plaudit,</strong></span> <span class='ocrx_word' id='word_1_81' title='bbox 953 1637 1284 1686; x_wconf 78' lang='lat' dir='ltr'><strong>veliementer</strong></span> <span class='ocrx_word' id='word_1_82' title='bbox 1321 1633 1637 1685; x_wconf 77' lang='lat' dir='ltr'><strong>delectatur.</strong></span> 
     </span>
    </p>
   </div>
   <div class='ocr_carea' id='block_1_5' title="bbox 565 1709 1642 3161">
    <p class='ocr_par' dir='ltr' id='par_1_5' title="bbox 565 1709 1642 2622">
     <span class='ocr_line' id='line_1_18' title="bbox 568 1709 1638 1777; baseline -0.005 -13"><span class='ocrx_word' id='word_1_83' title='bbox 568 1714 772 1777; x_wconf 71' lang='lat' dir='ltr'><strong>—Tibss</strong></span> <span class='ocrx_word' id='word_1_84' title='bbox 794 1714 948 1763; x_wconf 79' lang='lat' dir='ltr'><strong>‘Vane</strong></span> <span class='ocrx_word' id='word_1_85' title='bbox 986 1712 1228 1762; x_wconf 87' lang='lat' dir='ltr'><strong>nimirum</strong></span> <span class='ocrx_word' id='word_1_86' title='bbox 1261 1709 1460 1773; x_wconf 52' lang='lat' dir='ltr'><strong>Poeta,</strong></span> <span class='ocrx_word' id='word_1_87' title='bbox 1498 1718 1638 1760; x_wconf 81' lang='lat' dir='ltr'><strong>vete-</strong></span> 
     </span>
     <span class='ocr_line' id='line_1_19' title="bbox 568 1786 1638 1855; baseline -0.006 -15"><span class='ocrx_word' id='word_1_88' title='bbox 568 1805 683 1841; x_wconf 86' lang='lat' dir='ltr'><strong>rum</strong></span> <span class='ocrx_word' id='word_1_89' title='bbox 698 1803 933 1839; x_wconf 81' lang='lat' dir='ltr'><strong>sermone</strong></span> <span class='ocrx_word' id='word_1_90' title='bbox 947 1787 1186 1855; x_wconf 82' lang='lat' dir='ltr'><strong>obsoleto</strong></span> <span class='ocrx_word' id='word_1_91' title='bbox 1201 1786 1638 1850; x_wconf 52' lang='lat' dir='ltr'><strong>menta—Levis]</strong></span> 
     </span>
     <span class='ocr_line' id='line_1_20' title="bbox 566 1862 1640 1930; baseline -0.005 -13"><span class='ocrx_word' id='word_1_92' title='bbox 566 1866 766 1930; x_wconf 84' lang='lat' dir='ltr'><strong>Mollis,</strong></span> <span class='ocrx_word' id='word_1_93' title='bbox 786 1865 999 1929; x_wconf 87' lang='lat' dir='ltr'><strong>politus,</strong></span> <span class='ocrx_word' id='word_1_94' title='bbox 1022 1864 1300 1928; x_wconf 85' lang='lat' dir='ltr'><strong>delicatus,</strong></span> <span class='ocrx_word' id='word_1_95' title='bbox 1319 1862 1516 1927; x_wconf 80' lang='lat' dir='ltr'><strong>glaber.</strong></span> <span class='ocrx_word' id='word_1_96' title='bbox 1561 1862 1640 1911; x_wconf 89' lang='lat' dir='ltr'><strong>Ir-</strong></span> 
     </span>
     <span class='ocr_line' id='line_1_21' title="bbox 568 1940 1640 2006; baseline -0.003 -11"><span class='ocrx_word' id='word_1_97' title='bbox 568 1944 957 2005; x_wconf 80' lang='lat' dir='ltr'><strong>risorie.-Per,</strong></span> <span class='ocrx_word' id='word_1_98' title='bbox 997 1941 1106 2006; x_wconf 56' lang='grc' dir='ltr'><strong>ξω]</strong></span> <span class='ocrx_word' id='word_1_99' title='bbox 1164 1941 1382 1992; x_wconf 84' lang='lat' dir='ltr'><strong>Theatri</strong></span> <span class='ocrx_word' id='word_1_100' title='bbox 1435 1940 1640 1992; x_wconf 89' lang='lat' dir='ltr'><strong>scilicet</strong></span> 
     </span>
     <span class='ocr_line' id='line_1_22' title="bbox 568 2018 1638 2084; baseline -0.002 -12"><span class='ocrx_word' id='word_1_101' title='bbox 568 2021 652 2072; x_wconf 80' lang='lat' dir='ltr'><strong>vel</strong></span> <span class='ocrx_word' id='word_1_102' title='bbox 685 2022 840 2071; x_wconf 87' lang='lat' dir='ltr'><strong>etiam</strong></span> <span class='ocrx_word' id='word_1_103' title='bbox 871 2018 1098 2082; x_wconf 65' lang='lat' dir='ltr'><strong>edificii,</strong></span> <span class='ocrx_word' id='word_1_104' title='bbox 1121 2020 1174 2070; x_wconf 89' lang='lat' dir='ltr'><strong>in</strong></span> <span class='ocrx_word' id='word_1_105' title='bbox 1198 2019 1385 2084; x_wconf 85' lang='lat' dir='ltr'><strong>quibus</strong></span> <span class='ocrx_word' id='word_1_106' title='bbox 1411 2018 1638 2070; x_wconf 77' lang='lat' dir='ltr'><strong>Fabulas</strong></span> 
     </span>
     <span class='ocr_line' id='line_1_23' title="bbox 567 2094 1642 2160; baseline -0.007 -10"><span class='ocrx_word' id='word_1_107' title='bbox 567 2101 776 2152; x_wconf 85' lang='lat' dir='ltr'><strong>recitas.</strong></span> <span class='ocrx_word' id='word_1_108' title='bbox 816 2098 1288 2160; x_wconf 63' lang='lat' dir='ltr'><strong>Lusum—Exultat,</strong></span> <span class='ocrx_word' id='word_1_109' title='bbox 1323 2096 1431 2160; x_wconf 56' lang='grc' dir='ltr'><strong>ξω]</strong></span> <span class='ocrx_word' id='word_1_110' title='bbox 1473 2094 1642 2148; x_wconf 82' lang='lat' dir='ltr'><strong>Jacti·</strong></span> 
     </span>
     <span class='ocr_line' id='line_1_24' title="bbox 568 2163 1639 2237; baseline -0.005 -11"><span class='ocrx_word' id='word_1_111' title='bbox 568 2181 649 2226; x_wconf 89' lang='lat' dir='ltr'><strong>tat</strong></span> <span class='ocrx_word' id='word_1_112' title='bbox 669 2190 784 2225; x_wconf 86' lang='lat' dir='ltr'><strong>sese</strong></span> <span class='ocrx_word' id='word_1_113' title='bbox 805 2163 942 2225; x_wconf 89' lang='lat' dir='ltr'><strong>inter</strong></span> <span class='ocrx_word' id='word_1_114' title='bbox 958 2173 1208 2237; x_wconf 85' lang='lat' dir='ltr'><strong>eruditos,</strong></span> <span class='ocrx_word' id='word_1_115' title='bbox 1223 2179 1283 2223; x_wconf 88' lang='lat' dir='ltr'><strong>ut</strong></span> <span class='ocrx_word' id='word_1_116' title='bbox 1301 2188 1419 2224; x_wconf 89' lang='lat' dir='ltr'><strong>cum</strong></span> <span class='ocrx_word' id='word_1_117' title='bbox 1443 2171 1497 2221; x_wconf 92' lang='lat' dir='ltr'><strong>in</strong></span> <span class='ocrx_word' id='word_1_118' title='bbox 1518 2170 1639 2222; x_wconf 89' lang='lat' dir='ltr'><strong>sub·</strong></span> 
     </span>
     <span class='ocr_line' id='line_1_25' title="bbox 565 2248 1640 2313; baseline -0.007 -9"><span class='ocrx_word' id='word_1_119' title='bbox 565 2252 725 2304; x_wconf 86' lang='lat' dir='ltr'><strong>selliis</strong></span> <span class='ocrx_word' id='word_1_120' title='bbox 748 2251 917 2313; x_wconf 87' lang='lat' dir='ltr'><strong>sedet,</strong></span> <span class='ocrx_word' id='word_1_121' title='bbox 945 2256 1036 2300; x_wconf 85' lang='lat' dir='ltr'><strong>aut</strong></span> <span class='ocrx_word' id='word_1_122' title='bbox 1056 2265 1176 2301; x_wconf 89' lang='lat' dir='ltr'><strong>cum</strong></span> <span class='ocrx_word' id='word_1_123' title='bbox 1199 2250 1385 2299; x_wconf 84' lang='lat' dir='ltr'><strong>transit</strong></span> <span class='ocrx_word' id='word_1_124' title='bbox 1406 2263 1503 2313; x_wconf 90' lang='lat' dir='ltr'><strong>per</strong></span> <span class='ocrx_word' id='word_1_125' title='bbox 1521 2248 1640 2298; x_wconf 87' lang='lat' dir='ltr'><strong>sub·</strong></span> 
     </span>
     <span class='ocr_line' id='line_1_26' title="bbox 566 2324 1642 2393; baseline -0.007 -12"><span class='ocrx_word' id='word_1_126' title='bbox 566 2330 731 2393; x_wconf 85' lang='lat' dir='ltr'><strong>sellia,</strong></span> <span class='ocrx_word' id='word_1_127' title='bbox 764 2328 944 2378; x_wconf 87' lang='lat' dir='ltr'><strong>habita</strong></span> <span class='ocrx_word' id='word_1_128' title='bbox 983 2327 1308 2377; x_wconf 76' lang='lat' dir='ltr'><strong>recitatione.</strong></span> <span class='ocrx_word' id='word_1_129' title='bbox 1391 2324 1554 2387; x_wconf 82' lang='lat' dir='ltr'><strong>Quid,</strong></span> <span class='ocrx_word' id='word_1_130' title='bbox 1597 2324 1642 2374; x_wconf 89' lang='lat' dir='ltr'><strong>si</strong></span> 
     </span>
     <span class='ocr_line' id='line_1_27' title="bbox 567 2400 1640 2468; baseline -0.006 -12"><span class='ocrx_word' id='word_1_131' title='bbox 567 2406 668 2456; x_wconf 86' lang='lat' dir='ltr'><strong>hoc</strong></span> <span class='ocrx_word' id='word_1_132' title='bbox 690 2404 915 2468; x_wconf 90' lang='lat' dir='ltr'><strong>accipias</strong></span> <span class='ocrx_word' id='word_1_133' title='bbox 939 2402 1006 2452; x_wconf 91' lang='lat' dir='ltr'><strong>de</strong></span> <span class='ocrx_word' id='word_1_134' title='bbox 1037 2401 1355 2452; x_wconf 75' lang='lat' dir='ltr'><strong>auditoribus</strong></span> <span class='ocrx_word' id='word_1_135' title='bbox 1373 2400 1640 2464; x_wconf 74' lang='lat' dir='ltr'><strong>?-Loevis]</strong></span> 
     </span>
     <span class='ocr_line' id='line_1_28' title="bbox 565 2477 1641 2544; baseline -0.006 -12"><span class='ocrx_word' id='word_1_136' title='bbox 565 2483 720 2544; x_wconf 72' lang='grc' dir='ltr'><strong><em>Δεῖος,</em></strong></span> <span class='ocrx_word' id='word_1_137' title='bbox 753 2480 922 2529; x_wconf 87' lang='lat' dir='ltr'><strong>mollis</strong></span> <span class='ocrx_word' id='word_1_138' title='bbox 959 2493 1021 2529; x_wconf 98' lang='lat' dir='ltr'><strong>ac</strong></span> <span class='ocrx_word' id='word_1_139' title='bbox 1060 2477 1302 2543; x_wconf 73' lang='grc' dir='ltr'><strong><em>τρυφερὸς,</em></strong></span> <span class='ocrx_word' id='word_1_140' title='bbox 1341 2478 1575 2542; x_wconf 84' lang='lat' dir='ltr'><strong>proprie,</strong></span> <span class='ocrx_word' id='word_1_141' title='bbox 1614 2479 1641 2527; x_wconf 78' lang='grc' dir='ltr'><strong><em>ὁ</em></strong></span> 
     </span>
     <span class='ocr_line' id='line_1_29' title="bbox 565 2553 1639 2622; baseline -0.003 -15"><span class='ocrx_word' id='word_1_142' title='bbox 565 2553 986 2622; x_wconf 62' lang='grc' dir='ltr'><strong>παρατετιλμέναι,</strong></span> <span class='ocrx_word' id='word_1_143' title='bbox 1051 2554 1225 2604; x_wconf 83' lang='lat' dir='ltr'><strong>vulsus</strong></span> <span class='ocrx_word' id='word_1_144' title='bbox 1269 2559 1325 2603; x_wconf 90' lang='lat' dir='ltr'><strong>et</strong></span> <span class='ocrx_word' id='word_1_145' title='bbox 1367 2554 1639 2605; x_wconf 83' lang='lat' dir='ltr'><strong>resinatus.</strong></span> 
     </span>
    </p>

    <p class='ocr_par' dir='ltr' id='par_1_6' title="bbox 565 2709 1641 3161">
     <span class='ocr_line' id='line_1_30' title="bbox 632 2709 1641 2775; baseline 0 -15"><span class='ocrx_word' id='word_1_146' title='bbox 632 2716 697 2761; x_wconf 76' lang='grc'><strong>83</strong></span> <span class='ocrx_word' id='word_1_147' title='bbox 734 2710 879 2760; x_wconf 75' lang='lat' dir='ltr'><strong>Nilne</strong></span> <span class='ocrx_word' id='word_1_148' title='bbox 895 2710 1060 2773; x_wconf 74' lang='lat' dir='ltr'><strong>pudet,</strong></span> <span class='ocrx_word' id='word_1_149' title='bbox 1080 2709 1188 2773; x_wconf 58' lang='lat' dir='ltr'><strong>ssa]</strong></span> <span class='ocrx_word' id='word_1_150' title='bbox 1216 2709 1410 2760; x_wconf 85' lang='lat' dir='ltr'><strong>Obiter</strong></span> <span class='ocrx_word' id='word_1_151' title='bbox 1434 2709 1548 2775; x_wconf 87' lang='lat' dir='ltr'><strong>jam</strong></span> <span class='ocrx_word' id='word_1_152' title='bbox 1583 2714 1641 2760; x_wconf 91' lang='lat' dir='ltr'><strong>et</strong></span> 
     </span>
     <span class='ocr_line' id='line_1_31' title="bbox 568 2785 1640 2853; baseline -0.001 -15"><span class='ocrx_word' id='word_1_153' title='bbox 568 2787 717 2853; x_wconf 81' lang='lat' dir='ltr'><strong>quasi</strong></span> <span class='ocrx_word' id='word_1_154' title='bbox 740 2801 835 2851; x_wconf 89' lang='lat' dir='ltr'><strong>per</strong></span> <span class='ocrx_word' id='word_1_155' title='bbox 856 2785 1191 2850; x_wconf 69' lang='lat' dir='ltr'><strong>parenthesin</strong></span> <span class='ocrx_word' id='word_1_156' title='bbox 1223 2786 1288 2835; x_wconf 91' lang='lat' dir='ltr'><strong>ad</strong></span> <span class='ocrx_word' id='word_1_157' title='bbox 1320 2792 1551 2836; x_wconf 88' lang='lat' dir='ltr'><strong>oratores</strong></span> <span class='ocrx_word' id='word_1_158' title='bbox 1583 2791 1640 2837; x_wconf 86' lang='lat' dir='ltr'><strong>et</strong></span> 
     </span>
     <span class='ocr_line' id='line_1_32' title="bbox 569 2864 1640 2929; baseline -0.003 -11"><span class='ocrx_word' id='word_1_159' title='bbox 569 2878 868 2919; x_wconf 77' lang='lat' dir='ltr'><strong>caussarum</strong></span> <span class='ocrx_word' id='word_1_160' title='bbox 906 2864 1181 2917; x_wconf 77' lang='lat' dir='ltr'><strong>forensium</strong></span> <span class='ocrx_word' id='word_1_161' title='bbox 1214 2872 1419 2915; x_wconf 82' lang='lat' dir='ltr'><strong>actores</strong></span> <span class='ocrx_word' id='word_1_162' title='bbox 1456 2872 1514 2915; x_wconf 91' lang='lat' dir='ltr'><strong>et</strong></span> <span class='ocrx_word' id='word_1_163' title='bbox 1549 2880 1640 2929; x_wconf 89' lang='lat' dir='ltr'><strong>pa·</strong></span> 
     </span>
     <span class='ocr_line' id='line_1_33' title="bbox 566 2941 1639 3008; baseline -0.003 -13"><span class='ocrx_word' id='word_1_164' title='bbox 566 2951 747 2995; x_wconf 88' lang='lat' dir='ltr'><strong>tronos</strong></span> <span class='ocrx_word' id='word_1_165' title='bbox 770 2942 1122 3008; x_wconf 78' lang='lat' dir='ltr'><strong>progreditur,</strong></span> <span class='ocrx_word' id='word_1_166' title='bbox 1138 2943 1191 2992; x_wconf 90' lang='lat' dir='ltr'><strong>in</strong></span> <span class='ocrx_word' id='word_1_167' title='bbox 1208 2942 1394 3007; x_wconf 87' lang='lat' dir='ltr'><strong>quibus</strong></span> <span class='ocrx_word' id='word_1_168' title='bbox 1416 2941 1639 2992; x_wconf 86' lang='lat' dir='ltr'><strong>eandem</strong></span> 
     </span>
     <span class='ocr_line' id='line_1_34' title="bbox 567 3020 1640 3085; baseline -0.003 -14"><span class='ocrx_word' id='word_1_169' title='bbox 567 3021 851 3072; x_wconf 87' lang='lat' dir='ltr'><strong>vanitatem</strong></span> <span class='ocrx_word' id='word_1_170' title='bbox 885 3021 1139 3085; x_wconf 80' lang='lat' dir='ltr'><strong>exagitat.</strong></span> <span class='ocrx_word' id='word_1_171' title='bbox 1207 3020 1273 3069; x_wconf 90' lang='lat' dir='ltr'><strong>ld</strong></span> <span class='ocrx_word' id='word_1_172' title='bbox 1311 3026 1414 3083; x_wconf 88' lang='lat' dir='ltr'><strong>est,</strong></span> <span class='ocrx_word' id='word_1_173' title='bbox 1448 3020 1640 3069; x_wconf 84' lang='lat' dir='ltr'><strong>Nonne</strong></span> 
     </span>
     <span class='ocr_line' id='line_1_35' title="bbox 565 3095 1639 3161; baseline -0.004 -13"><span class='ocrx_word' id='word_1_174' title='bbox 565 3104 622 3148; x_wconf 86' lang='lat' dir='ltr'><strong>te</strong></span> <span class='ocrx_word' id='word_1_175' title='bbox 644 3097 826 3161; x_wconf 87' lang='lat' dir='ltr'><strong>pudet,</strong></span> <span class='ocrx_word' id='word_1_176' title='bbox 849 3097 941 3147; x_wconf 89' lang='lat' dir='ltr'><strong>ubi</strong></span> <span class='ocrx_word' id='word_1_177' title='bbox 975 3097 1041 3146; x_wconf 90' lang='lat' dir='ltr'><strong>de</strong></span> <span class='ocrx_word' id='word_1_178' title='bbox 1066 3095 1300 3161; x_wconf 86' lang='lat' dir='ltr'><strong>periculo</strong></span> <span class='ocrx_word' id='word_1_179' title='bbox 1323 3095 1510 3159; x_wconf 87' lang='lat' dir='ltr'><strong>capitis</strong></span> <span class='ocrx_word' id='word_1_180' title='bbox 1532 3095 1639 3159; x_wconf 78' lang='lat' dir='ltr'><strong>agi-</strong></span> 
     </span>
    </p>
   </div>
   <div class='ocr_carea' id='block_1_6' title="bbox 478 3171 1642 3238">
    <p class='ocr_par' dir='ltr' id='par_1_7' title="bbox 478 3171 1642 3238">
     <span class='ocr_line' id='line_1_36' title="bbox 478 3171 1642 3238; baseline -0.005 -12"><span class='ocrx_word' id='word_1_181' title='bbox 478 3171 479 3176; x_wconf 71' lang='grc'>’</span> <span class='ocrx_word' id='word_1_182' title='bbox 568 3181 674 3237; x_wconf 85' lang='lat' dir='ltr'><strong>tur,</strong></span> <span class='ocrx_word' id='word_1_183' title='bbox 697 3181 751 3224; x_wconf 89' lang='lat' dir='ltr'><strong>te</strong></span> <span class='ocrx_word' id='word_1_184' title='bbox 773 3188 877 3223; x_wconf 89' lang='lat' dir='ltr'><strong>non</strong></span> <span class='ocrx_word' id='word_1_185' title='bbox 901 3187 1051 3238; x_wconf 85' lang='lat' dir='ltr'><strong>posse</strong></span> <span class='ocrx_word' id='word_1_186' title='bbox 1074 3186 1247 3222; x_wconf 89' lang='lat' dir='ltr'><strong>senem</strong></span> <span class='ocrx_word' id='word_1_187' title='bbox 1269 3186 1452 3222; x_wconf 87' lang='lat' dir='ltr'><strong>canum</strong></span> <span class='ocrx_word' id='word_1_188' title='bbox 1474 3177 1530 3221; x_wconf 87' lang='lat' dir='ltr'><strong>et</strong></span> <span class='ocrx_word' id='word_1_189' title='bbox 1551 3171 1642 3220; x_wconf 89' lang='lat' dir='ltr'><strong>mi-</strong></span> 
     </span>
    </p>
   </div>
   <div class='ocr_carea' id='block_1_7' title="bbox 560 3246 1642 4382">
    <p class='ocr_par' dir='ltr' id='par_1_8' title="bbox 560 3246 1642 4382">
     <span class='ocr_line' id='line_1_37' title="bbox 570 3246 1641 3313; baseline -0.002 -13"><span class='ocrx_word' id='word_1_190' title='bbox 570 3250 849 3301; x_wconf 88' lang='lat' dir='ltr'><strong>serabilem</strong></span> <span class='ocrx_word' id='word_1_191' title='bbox 885 3249 940 3299; x_wconf 91' lang='lat' dir='ltr'><strong>in</strong></span> <span class='ocrx_word' id='word_1_192' title='bbox 974 3249 1181 3313; x_wconf 90' lang='lat' dir='ltr'><strong>judicio</strong></span> <span class='ocrx_word' id='word_1_193' title='bbox 1215 3246 1519 3311; x_wconf 84' lang='lat' dir='ltr'><strong>defendere,</strong></span> <span class='ocrx_word' id='word_1_194' title='bbox 1539 3248 1641 3298; x_wconf 83' lang='lat' dir='ltr'><strong>nisi</strong></span> 
     </span>
     <span class='ocr_line' id='line_1_38' title="bbox 562 3324 1640 3381; baseline -0.005 -3"><span class='ocrx_word' id='word_1_195' title='bbox 562 3326 841 3381; x_wconf 63' lang='lat' dir='ltr'><strong>⁴verborum</strong></span> <span class='ocrx_word' id='word_1_196' title='bbox 863 3325 1028 3375; x_wconf 79' lang='lat' dir='ltr'><strong>fumos</strong></span> <span class='ocrx_word' id='word_1_197' title='bbox 1051 3325 1150 3374; x_wconf 87' lang='lat' dir='ltr'><strong>tuis</strong></span> <span class='ocrx_word' id='word_1_198' title='bbox 1174 3324 1493 3376; x_wconf 75' lang='lat' dir='ltr'><strong>auditoribus</strong></span> <span class='ocrx_word' id='word_1_199' title='bbox 1519 3338 1640 3374; x_wconf 82' lang='lat' dir='ltr'><strong>ven-</strong></span> 
     </span>
     <span class='ocr_line' id='line_1_39' title="bbox 567 3401 1640 3467; baseline 0 -15"><span class='ocrx_word' id='word_1_200' title='bbox 567 3403 679 3467; x_wconf 78' lang='lat' dir='ltr'><strong>das,</strong></span> <span class='ocrx_word' id='word_1_201' title='bbox 699 3409 755 3453; x_wconf 89' lang='lat' dir='ltr'><strong>et</strong></span> <span class='ocrx_word' id='word_1_202' title='bbox 774 3402 889 3453; x_wconf 88' lang='lat' dir='ltr'><strong>illas</strong></span> <span class='ocrx_word' id='word_1_203' title='bbox 909 3403 1309 3453; x_wconf 80' lang='lat' dir='ltr'><strong>acclamationes</strong></span> <span class='ocrx_word' id='word_1_204' title='bbox 1329 3402 1484 3465; x_wconf 73' lang='lat' dir='ltr'><strong>Euge,</strong></span> <span class='ocrx_word' id='word_1_205' title='bbox 1504 3401 1640 3464; x_wconf 73' lang='lat' dir='ltr'><strong>belle,</strong></span> 
     </span>
     <span class='ocr_line' id='line_1_40' title="bbox 560 3480 1640 3544; baseline -0.006 -10"><span class='ocrx_word' id='word_1_206' title='bbox 560 3485 711 3544; x_wconf 75' lang='lat' dir='ltr'><strong>recte,</strong></span> <span class='ocrx_word' id='word_1_207' title='bbox 731 3483 967 3543; x_wconf 72' lang='lat' dir='ltr'><strong>decenter,</strong></span> <span class='ocrx_word' id='word_1_208' title='bbox 989 3480 1089 3531; x_wconf 89' lang='lat' dir='ltr'><strong>tibi</strong></span> <span class='ocrx_word' id='word_1_209' title='bbox 1117 3486 1335 3544; x_wconf 82' lang='lat' dir='ltr'><strong>expetas</strong></span> <span class='ocrx_word' id='word_1_210' title='bbox 1367 3488 1528 3544; x_wconf 85' lang='lat' dir='ltr'><strong>atque</strong></span> <span class='ocrx_word' id='word_1_211' title='bbox 1552 3495 1640 3530; x_wconf 82' lang='lat' dir='ltr'><strong>ex-</strong></span> 
     </span>
     <span class='ocr_line' id='line_1_41' title="bbox 568 3557 1640 3623; baseline -0.003 -14"><span class='ocrx_word' id='word_1_212' title='bbox 568 3565 719 3623; x_wconf 84' lang='lat' dir='ltr'><strong>optes</strong></span> <span class='ocrx_word' id='word_1_213' title='bbox 735 3557 988 3621; x_wconf 75' lang='lat' dir='ltr'><strong>?-Copiti</strong></span> <span class='ocrx_word' id='word_1_214' title='bbox 1009 3557 1148 3621; x_wconf 78' lang='lat' dir='ltr'><strong>cano]</strong></span> <span class='ocrx_word' id='word_1_215' title='bbox 1183 3557 1266 3606; x_wconf 90' lang='lat' dir='ltr'><strong>Ibi</strong></span> <span class='ocrx_word' id='word_1_216' title='bbox 1282 3557 1423 3606; x_wconf 88' lang='lat' dir='ltr'><strong>enim</strong></span> <span class='ocrx_word' id='word_1_217' title='bbox 1446 3557 1640 3620; x_wconf 82' lang='lat' dir='ltr'><strong>simpli·</strong></span> 
     </span>
     <span class='ocr_line' id='line_1_42' title="bbox 567 3635 1638 3701; baseline -0.003 -13"><span class='ocrx_word' id='word_1_218' title='bbox 567 3638 713 3689; x_wconf 79' lang='lat' dir='ltr'><strong>cibus</strong></span> <span class='ocrx_word' id='word_1_219' title='bbox 732 3637 905 3688; x_wconf 82' lang='lat' dir='ltr'><strong>verbis</strong></span> <span class='ocrx_word' id='word_1_220' title='bbox 924 3635 1055 3687; x_wconf 85' lang='lat' dir='ltr'><strong>fletu</strong></span> <span class='ocrx_word' id='word_1_221' title='bbox 1080 3643 1137 3687; x_wconf 91' lang='lat' dir='ltr'><strong>et</strong></span> <span class='ocrx_word' id='word_1_222' title='bbox 1155 3636 1485 3686; x_wconf 83' lang='lat' dir='ltr'><strong>miseratione</strong></span> <span class='ocrx_word' id='word_1_223' title='bbox 1504 3651 1638 3701; x_wconf 85' lang='lat' dir='ltr'><strong>opus</strong></span> 
     </span>
     <span class='ocr_line' id='line_1_43' title="bbox 564 3711 1639 3777; baseline -0.003 -11"><span class='ocrx_word' id='word_1_224' title='bbox 564 3720 702 3777; x_wconf 86' lang='lat' dir='ltr'><strong>erat,</strong></span> <span class='ocrx_word' id='word_1_225' title='bbox 721 3714 863 3764; x_wconf 90' lang='lat' dir='ltr'><strong>nulla</strong></span> <span class='ocrx_word' id='word_1_226' title='bbox 884 3712 1159 3763; x_wconf 84' lang='lat' dir='ltr'><strong>verborum</strong></span> <span class='ocrx_word' id='word_1_227' title='bbox 1188 3719 1244 3763; x_wconf 88' lang='lat' dir='ltr'><strong>et</strong></span> <span class='ocrx_word' id='word_1_228' title='bbox 1263 3711 1538 3776; x_wconf 77' lang='lat' dir='ltr'><strong>figurarum</strong></span> <span class='ocrx_word' id='word_1_229' title='bbox 1561 3728 1639 3763; x_wconf 82' lang='lat' dir='ltr'><strong>so·</strong></span> 
     </span>
     <span class='ocr_line' id='line_1_44' title="bbox 566 3790 1640 3856; baseline -0.004 -13"><span class='ocrx_word' id='word_1_230' title='bbox 566 3793 714 3844; x_wconf 86' lang='lat' dir='ltr'><strong>licita</strong></span> <span class='ocrx_word' id='word_1_231' title='bbox 734 3792 1102 3856; x_wconf 60' lang='lat' dir='ltr'><strong>curm—Cano]</strong></span> <span class='ocrx_word' id='word_1_232' title='bbox 1137 3792 1256 3854; x_wconf 85' lang='lat' dir='ltr'><strong>Vel,</strong></span> <span class='ocrx_word' id='word_1_233' title='bbox 1294 3792 1461 3841; x_wconf 83' lang='lat' dir='ltr'><strong>alieno</strong></span> <span class='ocrx_word' id='word_1_234' title='bbox 1490 3790 1640 3854; x_wconf 84' lang='lat' dir='ltr'><strong>cujus</strong></span> 
     </span>
     <span class='ocr_line' id='line_1_45' title="bbox 568 3867 1639 3933; baseline 0.001 -15"><span class='ocrx_word' id='word_1_235' title='bbox 568 3874 819 3933; x_wconf 89' lang='lat' dir='ltr'><strong>patronus</strong></span> <span class='ocrx_word' id='word_1_236' title='bbox 849 3882 922 3917; x_wconf 84' lang='lat' dir='ltr'><strong>es.</strong></span> <span class='ocrx_word' id='word_1_237' title='bbox 980 3868 1080 3917; x_wconf 89' lang='lat' dir='ltr'><strong>Vel</strong></span> <span class='ocrx_word' id='word_1_238' title='bbox 1107 3868 1301 3931; x_wconf 88' lang='lat' dir='ltr'><strong>potius,</strong></span> <span class='ocrx_word' id='word_1_239' title='bbox 1330 3873 1424 3917; x_wconf 92' lang='lat' dir='ltr'><strong>tuo</strong></span> <span class='ocrx_word' id='word_1_240' title='bbox 1458 3867 1639 3931; x_wconf 80' lang='lat' dir='ltr'><strong>ipsius.</strong></span> 
     </span>
     <span class='ocr_line' id='line_1_46' title="bbox 569 3945 1640 4009; baseline -0.006 -11"><span class='ocrx_word' id='word_1_241' title='bbox 569 3946 733 3998; x_wconf 85' lang='lat' dir='ltr'><strong>Quasi</strong></span> <span class='ocrx_word' id='word_1_242' title='bbox 765 3945 939 3994; x_wconf 88' lang='lat' dir='ltr'><strong>dicat:</strong></span> <span class='ocrx_word' id='word_1_243' title='bbox 990 3945 1362 4009; x_wconf 82' lang='lat' dir='ltr'><strong>Turpissimum</strong></span> <span class='ocrx_word' id='word_1_244' title='bbox 1376 3954 1461 3993; x_wconf 86' lang='lat' dir='ltr'><strong>est</strong></span> <span class='ocrx_word' id='word_1_245' title='bbox 1484 3958 1640 3994; x_wconf 87' lang='lat' dir='ltr'><strong>canos</strong></span> 
     </span>
     <span class='ocr_line' id='line_1_47' title="bbox 566 4019 1640 4085; baseline -0.003 -13"><span class='ocrx_word' id='word_1_246' title='bbox 566 4037 714 4072; x_wconf 88' lang='lat' dir='ltr'><strong>senes</strong></span> <span class='ocrx_word' id='word_1_247' title='bbox 737 4021 988 4085; x_wconf 89' lang='lat' dir='ltr'><strong>ejusmodi</strong></span> <span class='ocrx_word' id='word_1_248' title='bbox 1012 4020 1233 4085; x_wconf 84' lang='lat' dir='ltr'><strong>ineptias</strong></span> <span class='ocrx_word' id='word_1_249' title='bbox 1267 4026 1322 4070; x_wconf 82' lang='lat' dir='ltr'><strong>et</strong></span> <span class='ocrx_word' id='word_1_250' title='bbox 1350 4035 1513 4085; x_wconf 79' lang='lat' dir='ltr'><strong>nugas</strong></span> <span class='ocrx_word' id='word_1_251' title='bbox 1550 4019 1640 4069; x_wconf 85' lang='lat' dir='ltr'><strong>ad-</strong></span> 
     </span>
     <span class='ocr_line' id='line_1_48' title="bbox 567 4098 1641 4153; baseline -0.005 -2"><span class='ocrx_word' id='word_1_252' title='bbox 567 4099 670 4153; x_wconf 78' lang='lat' dir='ltr'><strong>hue</strong></span> <span class='ocrx_word' id='word_1_253' title='bbox 694 4098 1008 4149; x_wconf 84' lang='lat' dir='ltr'><strong>consectari.</strong></span> <span class='ocrx_word' id='word_1_254' title='bbox 1036 4098 1159 4149; x_wconf 68' lang='lat' dir='ltr'><strong>M.</strong></span> <span class='ocrx_word' id='word_1_255' title='bbox 1206 4099 1307 4148; x_wconf 88' lang='lat' dir='ltr'><strong>Vel</strong></span> <span class='ocrx_word' id='word_1_256' title='bbox 1331 4112 1452 4148; x_wconf 82' lang='lat' dir='ltr'><strong>vere</strong></span> <span class='ocrx_word' id='word_1_257' title='bbox 1479 4100 1641 4148; x_wconf 76' lang='lat' dir='ltr'><strong>Cano:</strong></span> 
     </span>
     <span class='ocr_line' id='line_1_49' title="bbox 570 4173 1642 4241; baseline -0.003 -16"><span class='ocrx_word' id='word_1_258' title='bbox 570 4176 707 4241; x_wconf 87' lang='lat' dir='ltr'><strong>quod</strong></span> <span class='ocrx_word' id='word_1_259' title='bbox 726 4186 880 4239; x_wconf 82' lang='lat' dir='ltr'><strong>anget</strong></span> <span class='ocrx_word' id='word_1_260' title='bbox 895 4173 1067 4225; x_wconf 60' lang='grc' dir='ltr'><strong>πάθοις</strong></span> <span class='ocrx_word' id='word_1_261' title='bbox 1103 4175 1188 4224; x_wconf 81' lang='lat' dir='ltr'><strong>vel</strong></span> <span class='ocrx_word' id='word_1_262' title='bbox 1209 4180 1380 4223; x_wconf 82' lang='lat' dir='ltr'><strong>atrato</strong></span> <span class='ocrx_word' id='word_1_263' title='bbox 1402 4180 1457 4224; x_wconf 88' lang='lat' dir='ltr'><strong>et</strong></span> <span class='ocrx_word' id='word_1_264' title='bbox 1471 4174 1642 4240; x_wconf 87' lang='lat' dir='ltr'><strong>squal-</strong></span> 
     </span>
     <span class='ocr_line' id='line_1_50' title="bbox 567 4251 1640 4317; baseline 0.002 -16"><span class='ocrx_word' id='word_1_265' title='bbox 567 4251 677 4302; x_wconf 80' lang='lat' dir='ltr'><strong>lido</strong></span> <span class='ocrx_word' id='word_1_266' title='bbox 701 4267 905 4302; x_wconf 86' lang='lat' dir='ltr'><strong>reorum</strong></span> <span class='ocrx_word' id='word_1_267' title='bbox 928 4265 1102 4302; x_wconf 88' lang='lat' dir='ltr'><strong>more:</strong></span> <span class='ocrx_word' id='word_1_268' title='bbox 1143 4267 1261 4317; x_wconf 78' lang='lat' dir='ltr'><strong>quae</strong></span> <span class='ocrx_word' id='word_1_269' title='bbox 1277 4253 1536 4302; x_wconf 76' lang='lat' dir='ltr'><strong>etiarnses</strong></span> <span class='ocrx_word' id='word_1_270' title='bbox 1553 4267 1640 4304; x_wconf 82' lang='lat' dir='ltr'><strong>ea·</strong></span> 
     </span>
     <span class='ocr_line' id='line_1_51' title="bbox 567 4328 1639 4382; baseline -0.001 -2"><span class='ocrx_word' id='word_1_271' title='bbox 567 4329 753 4381; x_wconf 81' lang='lat' dir='ltr'><strong>nitiem</strong></span> <span class='ocrx_word' id='word_1_272' title='bbox 774 4330 909 4381; x_wconf 86' lang='lat' dir='ltr'><strong>solet</strong></span> <span class='ocrx_word' id='word_1_273' title='bbox 931 4330 1244 4382; x_wconf 82' lang='lat' dir='ltr'><strong>accelerare.</strong></span> <span class='ocrx_word' id='word_1_274' title='bbox 1273 4328 1639 4381; x_wconf 51' lang='lat' dir='ltr'><strong>Casuum—Pe-</strong></span> 
     </span>
    </p>
   </div>
   <div class='ocr_carea' id='block_1_8' title="bbox 1274 414 2067 466">
    <p class='ocr_par' dir='ltr' id='par_1_9' title="bbox 1274 414 2067 466">
     <span class='ocr_line' id='line_1_52' title="bbox 1274 414 2067 466; baseline -0.005 0"><span class='ocrx_word' id='word_1_275' title='bbox 1274 416 1491 466; x_wconf 78' lang='lat' dir='ltr'><strong>No&#39;rAE</strong></span> <span class='ocrx_word' id='word_1_276' title='bbox 1535 414 1938 465; x_wconf 72' lang='lat' dir='ltr'>VARIORUM</span> <span class='ocrx_word' id='word_1_277' title='bbox 1987 414 2067 463; x_wconf 78' lang='lat' dir='ltr'><strong>IN</strong></span> 
     </span>
    </p>
   </div>
   <div class='ocr_carea' id='block_1_9' title="bbox 1708 556 2818 4396">
    <p class='ocr_par' dir='ltr' id='par_1_10' title="bbox 1711 556 2786 2380">
     <span class='ocr_line' id='line_1_53' title="bbox 1712 556 2777 625; baseline 0.004 -18"><span class='ocrx_word' id='word_1_278' title='bbox 1712 558 1889 624; x_wconf 73' lang='lat' dir='ltr'><strong>ricula]</strong></span> <span class='ocrx_word' id='word_1_279' title='bbox 1946 557 2174 617; x_wconf 83' lang='lat' dir='ltr'><strong>Crimina</strong></span> <span class='ocrx_word' id='word_1_280' title='bbox 2217 556 2427 624; x_wconf 85' lang='lat' dir='ltr'><strong>objecta</strong></span> <span class='ocrx_word' id='word_1_281' title='bbox 2476 562 2534 609; x_wconf 86' lang='lat' dir='ltr'><strong>et</strong></span> <span class='ocrx_word' id='word_1_282' title='bbox 2584 574 2777 625; x_wconf 71' lang='lat' dir='ltr'><strong>poenas.</strong></span> 
     </span>
     <span class='ocr_line' id='line_1_54' title="bbox 1712 637 2214 687; baseline 0 0"><span class='ocrx_word' id='word_1_283' title='bbox 1712 637 1887 687; x_wconf 76' lang='lat' dir='ltr'><strong>Lubin.</strong></span> <span class='ocrx_word' id='word_1_284' title='bbox 2209 669 2214 674; x_wconf 89' lang='lat'><em>·</em></span> 
     </span>
     <span class='ocr_line' id='line_1_55' title="bbox 1779 712 2782 781; baseline 0.003 -17"><span class='ocrx_word' id='word_1_285' title='bbox 1779 718 1843 764; x_wconf 79' lang='grc'><strong>84</strong></span> <span class='ocrx_word' id='word_1_286' title='bbox 1862 713 2069 777; x_wconf 83' lang='lat' dir='ltr'><strong>Pellere]</strong></span> <span class='ocrx_word' id='word_1_287' title='bbox 2095 712 2310 776; x_wconf 85' lang='lat' dir='ltr'><strong>Arcere,</strong></span> <span class='ocrx_word' id='word_1_288' title='bbox 2326 721 2586 777; x_wconf 80' lang='lat' dir='ltr'><strong>avertere,</strong></span> <span class='ocrx_word' id='word_1_289' title='bbox 2597 721 2655 765; x_wconf 90' lang='lat' dir='ltr'><strong>et</strong></span> <span class='ocrx_word' id='word_1_290' title='bbox 2666 730 2782 781; x_wconf 81' lang='lat' dir='ltr'><strong>pro·</strong></span> 
     </span>
     <span class='ocr_line' id='line_1_56' title="bbox 1713 789 2781 857; baseline 0.003 -17"><span class='ocrx_word' id='word_1_291' title='bbox 1713 789 1913 855; x_wconf 79' lang='lat' dir='ltr'><strong>fligare.</strong></span> <span class='ocrx_word' id='word_1_292' title='bbox 1946 790 2342 853; x_wconf 59' lang='lat' dir='ltr'><strong>Laium—Quin,</strong></span> <span class='ocrx_word' id='word_1_293' title='bbox 2360 791 2468 854; x_wconf 59' lang='lat' dir='ltr'><strong>ssa]</strong></span> <span class='ocrx_word' id='word_1_294' title='bbox 2507 792 2649 844; x_wconf 71' lang='lat' dir='ltr'><strong>Quin</strong></span> <span class='ocrx_word' id='word_1_295' title='bbox 2671 794 2781 857; x_wconf 77' lang='lat' dir='ltr'><strong>glo-</strong></span> 
     </span>
     <span class='ocr_line' id='line_1_57' title="bbox 1714 867 2782 932; baseline 0.003 -15"><span class='ocrx_word' id='word_1_296' title='bbox 1714 870 1804 919; x_wconf 76' lang='lat' dir='ltr'><strong>riae</strong></span> <span class='ocrx_word' id='word_1_297' title='bbox 1828 875 1931 919; x_wconf 77' lang='lat' dir='ltr'><strong>tuae</strong></span> <span class='ocrx_word' id='word_1_298' title='bbox 1955 869 2168 931; x_wconf 81' lang='lat' dir='ltr'><strong>servias,</strong></span> <span class='ocrx_word' id='word_1_299' title='bbox 2196 875 2253 918; x_wconf 89' lang='lat' dir='ltr'><strong>et</strong></span> <span class='ocrx_word' id='word_1_300' title='bbox 2282 867 2337 917; x_wconf 90' lang='lat' dir='ltr'><strong>id</strong></span> <span class='ocrx_word' id='word_1_301' title='bbox 2373 869 2636 932; x_wconf 81' lang='lat' dir='ltr'><strong>praecipua</strong></span> <span class='ocrx_word' id='word_1_302' title='bbox 2658 884 2782 921; x_wconf 86' lang='lat' dir='ltr'><strong>cura</strong></span> 
     </span>
     <span class='ocr_line' id='line_1_58' title="bbox 1715 944 2784 1011; baseline 0.002 -16"><span class='ocrx_word' id='word_1_303' title='bbox 1715 961 1855 1011; x_wconf 83' lang='lat' dir='ltr'><strong>agas,</strong></span> <span class='ocrx_word' id='word_1_304' title='bbox 1873 952 1932 995; x_wconf 93' lang='lat' dir='ltr'><strong>ut</strong></span> <span class='ocrx_word' id='word_1_305' title='bbox 1955 946 2192 1009; x_wconf 85' lang='lat' dir='ltr'><strong>plausum</strong></span> <span class='ocrx_word' id='word_1_306' title='bbox 2215 944 2386 995; x_wconf 82' lang='lat' dir='ltr'><strong>feras:</strong></span> <span class='ocrx_word' id='word_1_307' title='bbox 2429 946 2569 1010; x_wconf 86' lang='lat' dir='ltr'><strong>quod</strong></span> <span class='ocrx_word' id='word_1_308' title='bbox 2586 946 2784 997; x_wconf 83' lang='lat' dir='ltr'><strong>instito-</strong></span> 
     </span>
     <span class='ocr_line' id='line_1_59' title="bbox 1714 1022 2783 1088; baseline 0.002 -16"><span class='ocrx_word' id='word_1_309' title='bbox 1714 1023 1786 1073; x_wconf 88' lang='lat' dir='ltr'><strong>ris</strong></span> <span class='ocrx_word' id='word_1_310' title='bbox 1810 1023 2119 1088; x_wconf 78' lang='lat' dir='ltr'><strong>eloquentiae</strong></span> <span class='ocrx_word' id='word_1_311' title='bbox 2146 1022 2429 1086; x_wconf 88' lang='lat' dir='ltr'><strong>proprium,</strong></span> <span class='ocrx_word' id='word_1_312' title='bbox 2463 1025 2565 1071; x_wconf 84' lang='lat' dir='ltr'><strong>non</strong></span> <span class='ocrx_word' id='word_1_313' title='bbox 2590 1023 2685 1072; x_wconf 86' lang='lat' dir='ltr'><strong>viri</strong></span> <span class='ocrx_word' id='word_1_314' title='bbox 2708 1038 2783 1075; x_wconf 86' lang='lat' dir='ltr'><strong>sa·</strong></span> 
     </span>
     <span class='ocr_line' id='line_1_60' title="bbox 1714 1099 2784 1164; baseline 0.004 -17"><span class='ocrx_word' id='word_1_315' title='bbox 1714 1099 1923 1164; x_wconf 88' lang='lat' dir='ltr'><strong>pientis.</strong></span> <span class='ocrx_word' id='word_1_316' title='bbox 1965 1099 2237 1149; x_wconf 86' lang='lat' dir='ltr'><strong>Vocantur</strong></span> <span class='ocrx_word' id='word_1_317' title='bbox 2256 1104 2427 1148; x_wconf 89' lang='lat' dir='ltr'><strong>autem</strong></span> <span class='ocrx_word' id='word_1_318' title='bbox 2449 1100 2629 1164; x_wconf 74' lang='lat' dir='ltr'><strong>tepida,</strong></span> <span class='ocrx_word' id='word_1_319' title='bbox 2644 1100 2784 1151; x_wconf 85' lang='lat' dir='ltr'><strong>dicta</strong></span> 
     </span>
     <span class='ocr_line' id='line_1_61' title="bbox 1713 1176 2783 1239; baseline 0.001 -13"><span class='ocrx_word' id='word_1_320' title='bbox 1713 1176 2011 1237; x_wconf 83' lang='lat' dir='ltr'><strong>mediocria,</strong></span> <span class='ocrx_word' id='word_1_321' title='bbox 2049 1189 2147 1226; x_wconf 89' lang='lat' dir='ltr'><strong>nec</strong></span> <span class='ocrx_word' id='word_1_322' title='bbox 2187 1176 2368 1239; x_wconf 81' lang='lat' dir='ltr'><strong>primae</strong></span> <span class='ocrx_word' id='word_1_323' title='bbox 2403 1182 2578 1225; x_wconf 85' lang='lat' dir='ltr'><strong>notae:</strong></span> <span class='ocrx_word' id='word_1_324' title='bbox 2620 1182 2681 1226; x_wconf 87' lang='lat' dir='ltr'><strong>ut</strong></span> <span class='ocrx_word' id='word_1_325' title='bbox 2714 1178 2783 1227; x_wconf 86' lang='lat' dir='ltr'><strong>sit</strong></span> 
     </span>
     <span class='ocr_line' id='line_1_62' title="bbox 1711 1252 2784 1317; baseline 0 -14"><span class='ocrx_word' id='word_1_326' title='bbox 1711 1253 1883 1303; x_wconf 75' lang='lat' dir='ltr'><strong>audire</strong></span> <span class='ocrx_word' id='word_1_327' title='bbox 1919 1254 2126 1317; x_wconf 77' lang='lat' dir='ltr'><strong>tepidum</strong></span> <span class='ocrx_word' id='word_1_328' title='bbox 2148 1254 2381 1314; x_wconf 76' lang='lat' dir='ltr'><strong>decenter,</strong></span> <span class='ocrx_word' id='word_1_329' title='bbox 2405 1252 2537 1302; x_wconf 82' lang='lat' dir='ltr'><strong>velle</strong></span> <span class='ocrx_word' id='word_1_330' title='bbox 2559 1252 2784 1317; x_wconf 87' lang='lat' dir='ltr'><strong>laudari,</strong></span> 
     </span>
     <span class='ocr_line' id='line_1_63' title="bbox 1714 1328 2782 1380; baseline 0 -1"><span class='ocrx_word' id='word_1_331' title='bbox 1714 1330 1796 1380; x_wconf 82' lang='lat' dir='ltr'><strong>vel</strong></span> <span class='ocrx_word' id='word_1_332' title='bbox 1833 1330 2037 1380; x_wconf 82' lang='lat' dir='ltr'><strong>modica</strong></span> <span class='ocrx_word' id='word_1_333' title='bbox 2071 1328 2388 1380; x_wconf 85' lang='lat' dir='ltr'><strong>laudatione.</strong></span> <span class='ocrx_word' id='word_1_334' title='bbox 2462 1328 2655 1379; x_wconf 82' lang='lat' dir='ltr'><strong>Sensus</strong></span> <span class='ocrx_word' id='word_1_335' title='bbox 2698 1329 2782 1380; x_wconf 86' lang='lat' dir='ltr'><strong>bic</strong></span> 
     </span>
     <span class='ocr_line' id='line_1_64' title="bbox 1713 1404 2783 1472; baseline 0.001 -16"><span class='ocrx_word' id='word_1_336' title='bbox 1713 1408 1844 1458; x_wconf 88' lang='lat' dir='ltr'><strong>erit:</strong></span> <span class='ocrx_word' id='word_1_337' title='bbox 1886 1423 2004 1458; x_wconf 88' lang='lat' dir='ltr'><strong>cum</strong></span> <span class='ocrx_word' id='word_1_338' title='bbox 2052 1404 2337 1457; x_wconf 80' lang='lat' dir='ltr'><strong>defendens</strong></span> <span class='ocrx_word' id='word_1_339' title='bbox 2382 1420 2529 1456; x_wconf 88' lang='lat' dir='ltr'><strong>reum</strong></span> <span class='ocrx_word' id='word_1_340' title='bbox 2572 1406 2783 1472; x_wconf 81' lang='lat' dir='ltr'><strong>capitis,</strong></span> 
     </span>
     <span class='ocr_line' id='line_1_65' title="bbox 1712 1482 2785 1548; baseline 0.005 -15"><span class='ocrx_word' id='word_1_341' title='bbox 1712 1484 2028 1535; x_wconf 83' lang='lat' dir='ltr'><strong>carminibus</strong></span> <span class='ocrx_word' id='word_1_342' title='bbox 2052 1484 2156 1534; x_wconf 88' lang='lat' dir='ltr'><strong>suis</strong></span> <span class='ocrx_word' id='word_1_343' title='bbox 2176 1482 2659 1548; x_wconf 82' lang='lat' dir='ltr'><strong>infamem,sperare</strong></span> <span class='ocrx_word' id='word_1_344' title='bbox 2680 1497 2785 1538; x_wconf 76' lang='lat' dir='ltr'><strong>non</strong></span> 
     </span>
     <span class='ocr_line' id='line_1_66' title="bbox 1714 1560 2784 1625; baseline 0.002 -15"><span class='ocrx_word' id='word_1_345' title='bbox 1714 1561 1877 1624; x_wconf 85' lang='lat' dir='ltr'><strong>possis</strong></span> <span class='ocrx_word' id='word_1_346' title='bbox 1896 1575 1984 1610; x_wconf 90' lang='lat' dir='ltr'><strong>eas</strong></span> <span class='ocrx_word' id='word_1_347' title='bbox 2008 1560 2422 1623; x_wconf 86' lang='lat' dir='ltr'><strong>acclamationes,</strong></span> <span class='ocrx_word' id='word_1_348' title='bbox 2444 1574 2571 1625; x_wconf 85' lang='lat' dir='ltr'><strong>quas</strong></span> <span class='ocrx_word' id='word_1_349' title='bbox 2593 1561 2784 1612; x_wconf 88' lang='lat' dir='ltr'><strong>mereri</strong></span> 
     </span>
     <span class='ocr_line' id='line_1_67' title="bbox 1714 1636 2782 1701; baseline 0.002 -15"><span class='ocrx_word' id='word_1_350' title='bbox 1714 1637 1847 1687; x_wconf 88' lang='lat' dir='ltr'><strong>solet</strong></span> <span class='ocrx_word' id='word_1_351' title='bbox 1870 1636 2020 1687; x_wconf 71' lang='lat' dir='ltr'><strong>bonae</strong></span> <span class='ocrx_word' id='word_1_352' title='bbox 2044 1652 2216 1687; x_wconf 81' lang='lat' dir='ltr'><strong>causae</strong></span> <span class='ocrx_word' id='word_1_353' title='bbox 2240 1636 2464 1687; x_wconf 90' lang='lat' dir='ltr'><strong>disertus</strong></span> <span class='ocrx_word' id='word_1_354' title='bbox 2493 1644 2782 1701; x_wconf 77' lang='lat' dir='ltr'><strong>patronus:</strong></span> 
     </span>
     <span class='ocr_line' id='line_1_68' title="bbox 1713 1713 2783 1777; baseline 0.002 -14"><span class='ocrx_word' id='word_1_355' title='bbox 1713 1719 1773 1763; x_wconf 87' lang='lat' dir='ltr'><strong>tu</strong></span> <span class='ocrx_word' id='word_1_356' title='bbox 1797 1721 1972 1764; x_wconf 87' lang='lat' dir='ltr'><strong>tamen</strong></span> <span class='ocrx_word' id='word_1_357' title='bbox 2008 1713 2139 1763; x_wconf 89' lang='lat' dir='ltr'><strong>adeo</strong></span> <span class='ocrx_word' id='word_1_358' title='bbox 2178 1727 2357 1764; x_wconf 80' lang='lat' dir='ltr'><strong>vecors</strong></span> <span class='ocrx_word' id='word_1_359' title='bbox 2390 1727 2468 1777; x_wconf 91' lang='lat' dir='ltr'><strong>es,</strong></span> <span class='ocrx_word' id='word_1_360' title='bbox 2507 1720 2567 1763; x_wconf 88' lang='lat' dir='ltr'><strong>ut</strong></span> <span class='ocrx_word' id='word_1_361' title='bbox 2600 1729 2669 1764; x_wconf 88' lang='lat' dir='ltr'><strong>ne</strong></span> <span class='ocrx_word' id='word_1_362' title='bbox 2707 1714 2783 1765; x_wconf 88' lang='lat' dir='ltr'><strong>sic</strong></span> 
     </span>
     <span class='ocr_line' id='line_1_69' title="bbox 1713 1789 2784 1857; baseline 0 -17"><span class='ocrx_word' id='word_1_363' title='bbox 1713 1790 1922 1857; x_wconf 86' lang='lat' dir='ltr'><strong>quidem</strong></span> <span class='ocrx_word' id='word_1_364' title='bbox 1947 1790 2172 1855; x_wconf 67' lang='lat' dir='ltr'><strong>gloriolae</strong></span> <span class='ocrx_word' id='word_1_365' title='bbox 2195 1789 2423 1840; x_wconf 87' lang='lat' dir='ltr'><strong>studium</strong></span> <span class='ocrx_word' id='word_1_366' title='bbox 2454 1804 2643 1854; x_wconf 87' lang='lat' dir='ltr'><strong>ponas:</strong></span> <span class='ocrx_word' id='word_1_367' title='bbox 2690 1789 2784 1840; x_wconf 89' lang='lat' dir='ltr'><strong>sed</strong></span> 
     </span>
     <span class='ocr_line' id='line_1_70' title="bbox 1714 1865 2786 1929; baseline 0 -12"><span class='ocrx_word' id='word_1_368' title='bbox 1714 1866 1851 1917; x_wconf 89' lang='lat' dir='ltr'><strong>omni</strong></span> <span class='ocrx_word' id='word_1_369' title='bbox 1871 1866 2042 1917; x_wconf 81' lang='lat' dir='ltr'><strong>studio</strong></span> <span class='ocrx_word' id='word_1_370' title='bbox 2066 1867 2121 1917; x_wconf 91' lang='lat' dir='ltr'><strong>id</strong></span> <span class='ocrx_word' id='word_1_371' title='bbox 2143 1866 2344 1917; x_wconf 84' lang='lat' dir='ltr'><strong>conaris</strong></span> <span class='ocrx_word' id='word_1_372' title='bbox 2365 1865 2596 1929; x_wconf 86' lang='lat' dir='ltr'><strong>efficere,</strong></span> <span class='ocrx_word' id='word_1_373' title='bbox 2619 1876 2679 1917; x_wconf 82' lang='lat' dir='ltr'><strong>ut</strong></span> <span class='ocrx_word' id='word_1_374' title='bbox 2703 1867 2786 1917; x_wconf 83' lang='lat' dir='ltr'><strong>vel</strong></span> 
     </span>
     <span class='ocr_line' id='line_1_71' title="bbox 1714 1942 2786 2008; baseline 0 -15"><span class='ocrx_word' id='word_1_375' title='bbox 1714 1943 1892 2007; x_wconf 89' lang='lat' dir='ltr'><strong>tepide</strong></span> <span class='ocrx_word' id='word_1_376' title='bbox 1913 1943 2158 2005; x_wconf 87' lang='lat' dir='ltr'><strong>lauderis,</strong></span> <span class='ocrx_word' id='word_1_377' title='bbox 2173 1942 2217 1993; x_wconf 87' lang='lat' dir='ltr'><strong>si</strong></span> <span class='ocrx_word' id='word_1_378' title='bbox 2241 1943 2396 2007; x_wconf 88' lang='lat' dir='ltr'><strong>pleno</strong></span> <span class='ocrx_word' id='word_1_379' title='bbox 2414 1958 2506 1993; x_wconf 88' lang='lat' dir='ltr'><strong>ore</strong></span> <span class='ocrx_word' id='word_1_380' title='bbox 2539 1958 2646 1993; x_wconf 90' lang='lat' dir='ltr'><strong>non</strong></span> <span class='ocrx_word' id='word_1_381' title='bbox 2667 1949 2786 2008; x_wconf 82' lang='lat' dir='ltr'><strong>pot·</strong></span> 
     </span>
     <span class='ocr_line' id='line_1_72' title="bbox 1714 2019 2785 2084; baseline 0 -14"><span class='ocrx_word' id='word_1_382' title='bbox 1714 2034 1790 2070; x_wconf 89' lang='lat' dir='ltr'><strong>es.</strong></span> <span class='ocrx_word' id='word_1_383' title='bbox 1831 2021 2038 2071; x_wconf 77' lang='lat' dir='ltr'><strong>Casaab.</strong></span> <span class='ocrx_word' id='word_1_384' title='bbox 2105 2021 2202 2070; x_wconf 82' lang='lat' dir='ltr'><strong>Est</strong></span> <span class='ocrx_word' id='word_1_385' title='bbox 2237 2019 2376 2070; x_wconf 89' lang='lat' dir='ltr'><strong>enim</strong></span> <span class='ocrx_word' id='word_1_386' title='bbox 2410 2022 2649 2084; x_wconf 75' lang='lat' dir='ltr'><strong>decenter,</strong></span> <span class='ocrx_word' id='word_1_387' title='bbox 2680 2035 2785 2070; x_wconf 82' lang='lat' dir='ltr'><strong>vox</strong></span> 
     </span>
     <span class='ocr_line' id='line_1_73' title="bbox 1714 2098 2786 2163; baseline 0 -15"><span class='ocrx_word' id='word_1_388' title='bbox 1714 2098 2132 2161; x_wconf 86' lang='lat' dir='ltr'><strong>acclamantium,</strong></span> <span class='ocrx_word' id='word_1_389' title='bbox 2170 2112 2322 2163; x_wconf 86' lang='lat' dir='ltr'><strong>quam</strong></span> <span class='ocrx_word' id='word_1_390' title='bbox 2377 2098 2431 2147; x_wconf 90' lang='lat' dir='ltr'><strong>in</strong></span> <span class='ocrx_word' id='word_1_391' title='bbox 2471 2098 2786 2162; x_wconf 85' lang='lat' dir='ltr'><strong>capitalibus</strong></span> 
     </span>
     <span class='ocr_line' id='line_1_74' title="bbox 1714 2174 2785 2239; baseline -0.001 -14"><span class='ocrx_word' id='word_1_392' title='bbox 1714 2175 1873 2225; x_wconf 88' lang='lat' dir='ltr'><strong>etiam</strong></span> <span class='ocrx_word' id='word_1_393' title='bbox 1893 2174 1992 2226; x_wconf 87' lang='lat' dir='ltr'><strong>sibi</strong></span> <span class='ocrx_word' id='word_1_394' title='bbox 2014 2174 2334 2239; x_wconf 80' lang='lat' dir='ltr'><strong>quaerebant.</strong></span> <span class='ocrx_word' id='word_1_395' title='bbox 2402 2174 2649 2237; x_wconf 72' lang='lat' dir='ltr'><strong>Tepidums,</strong></span> <span class='ocrx_word' id='word_1_396' title='bbox 2675 2174 2785 2224; x_wconf 84' lang='lat' dir='ltr'><strong>ina·</strong></span> 
     </span>
     <span class='ocr_line' id='line_1_75' title="bbox 1715 2243 2785 2315; baseline 0.001 -14"><span class='ocrx_word' id='word_1_397' title='bbox 1715 2267 1830 2315; x_wconf 88' lang='lat' dir='ltr'><strong>nes,</strong></span> <span class='ocrx_word' id='word_1_398' title='bbox 1853 2243 2018 2302; x_wconf 66' lang='lat' dir='ltr'><strong>minus</strong></span> <span class='ocrx_word' id='word_1_399' title='bbox 2033 2251 2251 2313; x_wconf 82' lang='lat' dir='ltr'><strong>validas,</strong></span> <span class='ocrx_word' id='word_1_400' title='bbox 2268 2250 2471 2315; x_wconf 88' lang='lat' dir='ltr'><strong>tepidas</strong></span> <span class='ocrx_word' id='word_1_401' title='bbox 2493 2257 2549 2300; x_wconf 90' lang='lat' dir='ltr'><strong>et</strong></span> <span class='ocrx_word' id='word_1_402' title='bbox 2568 2250 2785 2315; x_wconf 81' lang='lat' dir='ltr'><strong>frigidas</strong></span> 
     </span>
     <span class='ocr_line' id='line_1_76' title="bbox 1717 2328 2610 2380; baseline 0 -1"><span class='ocrx_word' id='word_1_403' title='bbox 1717 2338 1772 2380; x_wconf 90' lang='lat' dir='ltr'><strong>et</strong></span> <span class='ocrx_word' id='word_1_404' title='bbox 1796 2330 1921 2380; x_wconf 81' lang='lat' dir='ltr'><strong>viles</strong></span> <span class='ocrx_word' id='word_1_405' title='bbox 1945 2328 2137 2380; x_wconf 84' lang='lat' dir='ltr'><strong>laudes.</strong></span> <span class='ocrx_word' id='word_1_406' title='bbox 2175 2328 2349 2379; x_wconf 70' lang='lat' dir='ltr'><strong>laabin.</strong></span> <span class='ocrx_word' id='word_1_407' title='bbox 2602 2355 2610 2366; x_wconf 38' lang='grc' dir='ltr'><em>κ</em></span> 
     </span>
    </p>

    <p class='ocr_par' dir='ltr' id='par_1_11' title="bbox 1708 2405 2818 4396">
     <span class='ocr_line' id='line_1_77' title="bbox 1782 2405 2785 2471; baseline -0.001 -13"><span class='ocrx_word' id='word_1_408' title='bbox 1782 2405 1843 2458; x_wconf 78' lang='lat'><strong>85</strong></span> <span class='ocrx_word' id='word_1_409' title='bbox 1880 2407 1983 2458; x_wconf 70' lang='lat' dir='ltr'><strong>Fur</strong></span> <span class='ocrx_word' id='word_1_410' title='bbox 2002 2422 2068 2471; x_wconf 86' lang='lat' dir='ltr'><strong>es,</strong></span> <span class='ocrx_word' id='word_1_411' title='bbox 2081 2406 2190 2470; x_wconf 52' lang='grc' dir='ltr'><strong>ἐγὼ]</strong></span> <span class='ocrx_word' id='word_1_412' title='bbox 2225 2406 2379 2458; x_wconf 83' lang='lat' dir='ltr'><strong>Quod</strong></span> <span class='ocrx_word' id='word_1_413' title='bbox 2418 2405 2573 2469; x_wconf 80' lang='lat' dir='ltr'><strong>dixit,</strong></span> <span class='ocrx_word' id='word_1_414' title='bbox 2610 2421 2785 2457; x_wconf 78' lang='lat' dir='ltr'><strong>exem·</strong></span> 
     </span>
     <span class='ocr_line' id='line_1_78' title="bbox 1716 2482 2792 2549; baseline -0.001 -14"><span class='ocrx_word' id='word_1_415' title='bbox 1716 2486 1805 2549; x_wconf 87' lang='lat' dir='ltr'><strong>plo</strong></span> <span class='ocrx_word' id='word_1_416' title='bbox 1829 2483 1978 2534; x_wconf 89' lang='lat' dir='ltr'><strong>Pedii</strong></span> <span class='ocrx_word' id='word_1_417' title='bbox 2000 2483 2254 2545; x_wconf 84' lang='lat' dir='ltr'><strong>declarat,</strong></span> <span class='ocrx_word' id='word_1_418' title='bbox 2284 2482 2373 2547; x_wconf 90' lang='lat' dir='ltr'><strong>qui</strong></span> <span class='ocrx_word' id='word_1_419' title='bbox 2408 2498 2440 2531; x_wconf 87' lang='lat' dir='ltr'><strong>a</strong></span> <span class='ocrx_word' id='word_1_420' title='bbox 2477 2483 2792 2547; x_wconf 78' lang='lat' dir='ltr'><strong>Cyrenensi·</strong></span> 
     </span>
     <span class='ocr_line' id='line_1_79' title="bbox 1718 2559 2818 2626; baseline 0 -14"><span class='ocrx_word' id='word_1_421' title='bbox 1718 2560 1815 2612; x_wconf 87' lang='lat' dir='ltr'><strong>bus</strong></span> <span class='ocrx_word' id='word_1_422' title='bbox 1837 2560 1966 2611; x_wconf 82' lang='lat' dir='ltr'><strong>furti</strong></span> <span class='ocrx_word' id='word_1_423' title='bbox 2002 2565 2059 2611; x_wconf 90' lang='lat' dir='ltr'><strong>et</strong></span> <span class='ocrx_word' id='word_1_424' title='bbox 2089 2559 2345 2624; x_wconf 79' lang='lat' dir='ltr'><strong>sacrilegii</strong></span> <span class='ocrx_word' id='word_1_425' title='bbox 2380 2567 2673 2626; x_wconf 88' lang='lat' dir='ltr'><strong>accusatus,</strong></span> <span class='ocrx_word' id='word_1_426' title='bbox 2695 2562 2787 2612; x_wconf 85' lang='lat' dir='ltr'><strong>hu·</strong></span> <span class='ocrx_word' id='word_1_427' title='bbox 2809 2573 2818 2578; x_wconf 46' lang='lat'><strong>&#39;⁷</strong></span> 
     </span>
     <span class='ocr_line' id='line_1_80' title="bbox 1708 2636 2787 2703; baseline 0.003 -16"><span class='ocrx_word' id='word_1_428' title='bbox 1708 2637 1941 2703; x_wconf 83' lang='lat' dir='ltr'><strong>jusmodi</strong></span> <span class='ocrx_word' id='word_1_429' title='bbox 1964 2637 2111 2688; x_wconf 77' lang='lat' dir='ltr'><strong>malis</strong></span> <span class='ocrx_word' id='word_1_430' title='bbox 2145 2636 2341 2687; x_wconf 90' lang='lat' dir='ltr'><strong>artibus</strong></span> <span class='ocrx_word' id='word_1_431' title='bbox 2371 2650 2428 2686; x_wconf 86' lang='lat' dir='ltr'><strong>se</strong></span> <span class='ocrx_word' id='word_1_432' title='bbox 2466 2636 2787 2690; x_wconf 71' lang='lat' dir='ltr'><strong>defendit.-</strong></span> 
     </span>
     <span class='ocr_line' id='line_1_81' title="bbox 1714 2712 2789 2782; baseline -0.002 -17"><span class='ocrx_word' id='word_1_433' title='bbox 1714 2715 1827 2778; x_wconf 72' lang='lat' dir='ltr'><strong>Ait]</strong></span> <span class='ocrx_word' id='word_1_434' title='bbox 1860 2712 2203 2782; x_wconf 59' lang='lat' dir='ltr'><strong>Adverscpius</strong></span> <span class='ocrx_word' id='word_1_435' title='bbox 2225 2721 2498 2765; x_wconf 86' lang='lat' dir='ltr'><strong>accusator</strong></span> <span class='ocrx_word' id='word_1_436' title='bbox 2520 2714 2789 2778; x_wconf 82' lang='lat' dir='ltr'><strong>Cyrenen·</strong></span> 
     </span>
     <span class='ocr_line' id='line_1_82' title="bbox 1717 2790 2792 2857; baseline 0.002 -17"><span class='ocrx_word' id='word_1_437' title='bbox 1717 2791 1804 2841; x_wconf 85' lang='lat' dir='ltr'><strong>sis.</strong></span> <span class='ocrx_word' id='word_1_438' title='bbox 1825 2820 1890 2828; x_wconf 94' lang='lat'><strong>—</strong></span> <span class='ocrx_word' id='word_1_439' title='bbox 1914 2790 2094 2842; x_wconf 74' lang='lat' dir='ltr'><strong>Pedius</strong></span> <span class='ocrx_word' id='word_1_440' title='bbox 2134 2790 2272 2855; x_wconf 73' lang='lat' dir='ltr'><strong>quid]</strong></span> <span class='ocrx_word' id='word_1_441' title='bbox 2335 2790 2400 2840; x_wconf 92' lang='lat' dir='ltr'><strong>Id</strong></span> <span class='ocrx_word' id='word_1_442' title='bbox 2439 2796 2540 2852; x_wconf 88' lang='lat' dir='ltr'><strong>est,</strong></span> <span class='ocrx_word' id='word_1_443' title='bbox 2576 2791 2792 2857; x_wconf 86' lang='lat' dir='ltr'><strong>Pedius,</strong></span> 
     </span>
     <span class='ocr_line' id='line_1_83' title="bbox 1716 2866 2790 2933; baseline 0.002 -15"><span class='ocrx_word' id='word_1_444' title='bbox 1716 2868 1804 2918; x_wconf 89' lang='lat' dir='ltr'><strong>ubi</strong></span> <span class='ocrx_word' id='word_1_445' title='bbox 1825 2866 2119 2931; x_wconf 85' lang='lat' dir='ltr'><strong>hujusmodi</strong></span> <span class='ocrx_word' id='word_1_446' title='bbox 2139 2866 2339 2917; x_wconf 79' lang='lat' dir='ltr'><strong>crimen</strong></span> <span class='ocrx_word' id='word_1_447' title='bbox 2373 2867 2471 2918; x_wconf 88' lang='lat' dir='ltr'><strong>sibi</strong></span> <span class='ocrx_word' id='word_1_448' title='bbox 2499 2867 2790 2933; x_wconf 84' lang='lat' dir='ltr'><strong>objectum,</strong></span> 
     </span>
     <span class='ocr_line' id='line_1_84' title="bbox 1717 2944 2788 3010; baseline 0.002 -17"><span class='ocrx_word' id='word_1_449' title='bbox 1717 2944 1842 3010; x_wconf 83' lang='lat' dir='ltr'><strong>quid</strong></span> <span class='ocrx_word' id='word_1_450' title='bbox 1879 2951 1988 2994; x_wconf 87' lang='lat' dir='ltr'><strong>tum</strong></span> <span class='ocrx_word' id='word_1_451' title='bbox 2026 2944 2326 3007; x_wconf 85' lang='lat' dir='ltr'><strong>respondet,</strong></span> <span class='ocrx_word' id='word_1_452' title='bbox 2358 2960 2462 3009; x_wconf 88' lang='lat' dir='ltr'><strong>qua</strong></span> <span class='ocrx_word' id='word_1_453' title='bbox 2494 2946 2704 2998; x_wconf 83' lang='lat' dir='ltr'><strong>ratione</strong></span> <span class='ocrx_word' id='word_1_454' title='bbox 2727 2960 2788 2996; x_wconf 85' lang='lat' dir='ltr'><strong>se</strong></span> 
     </span>
     <span class='ocr_line' id='line_1_85' title="bbox 1717 3020 2788 3087; baseline 0.003 -17"><span class='ocrx_word' id='word_1_455' title='bbox 1717 3027 1951 3084; x_wconf 76' lang='lat' dir='ltr'><strong>excusat,</strong></span> <span class='ocrx_word' id='word_1_456' title='bbox 1977 3027 2033 3071; x_wconf 88' lang='lat' dir='ltr'><strong>et</strong></span> <span class='ocrx_word' id='word_1_457' title='bbox 2070 3020 2310 3072; x_wconf 83' lang='lat' dir='ltr'><strong>defendit</strong></span> <span class='ocrx_word' id='word_1_458' title='bbox 2322 3021 2656 3085; x_wconf 74' lang='lat' dir='ltr'><strong>?--Crimina,</strong></span> <span class='ocrx_word' id='word_1_459' title='bbox 2674 3020 2788 3087; x_wconf 61' lang='lat' dir='ltr'><strong>Sym]</strong></span> 
     </span>
     <span class='ocr_line' id='line_1_86' title="bbox 1716 3098 2790 3152; baseline -0.003 0"><span class='ocrx_word' id='word_1_460' title='bbox 1716 3100 1878 3152; x_wconf 83' lang='lat' dir='ltr'><strong>Quasi</strong></span> <span class='ocrx_word' id='word_1_461' title='bbox 1901 3098 2075 3149; x_wconf 69' lang='lat' dir='ltr'><strong>dicut:</strong></span> <span class='ocrx_word' id='word_1_462' title='bbox 2114 3099 2215 3149; x_wconf 77' lang='lat' dir='ltr'><strong>Ille</strong></span> <span class='ocrx_word' id='word_1_463' title='bbox 2234 3113 2357 3150; x_wconf 85' lang='lat' dir='ltr'><strong>vero</strong></span> <span class='ocrx_word' id='word_1_464' title='bbox 2373 3113 2472 3149; x_wconf 87' lang='lat' dir='ltr'><strong>non</strong></span> <span class='ocrx_word' id='word_1_465' title='bbox 2495 3100 2704 3152; x_wconf 81' lang='lat' dir='ltr'><strong>directe</strong></span> <span class='ocrx_word' id='word_1_466' title='bbox 2721 3099 2790 3149; x_wconf 82' lang='lat' dir='ltr'><strong>ad</strong></span> 
     </span>
     <span class='ocr_line' id='line_1_87' title="bbox 1717 3163 2788 3241; baseline 0.003 -16"><span class='ocrx_word' id='word_1_467' title='bbox 1717 3175 1909 3225; x_wconf 86' lang='lat' dir='ltr'><strong>crimen</strong></span> <span class='ocrx_word' id='word_1_468' title='bbox 1931 3175 2030 3226; x_wconf 86' lang='lat' dir='ltr'><strong>sibi</strong></span> <span class='ocrx_word' id='word_1_469' title='bbox 2051 3163 2315 3240; x_wconf 69' lang='lat' dir='ltr'><strong>objectum</strong></span> <span class='ocrx_word' id='word_1_470' title='bbox 2349 3176 2658 3241; x_wconf 89' lang='lat' dir='ltr'><strong>respondet,</strong></span> <span class='ocrx_word' id='word_1_471' title='bbox 2693 3176 2788 3228; x_wconf 86' lang='lat' dir='ltr'><strong>sed</strong></span> 
     </span>
     <span class='ocr_line' id='line_1_88' title="bbox 1716 3252 2787 3318; baseline 0.003 -16"><span class='ocrx_word' id='word_1_472' title='bbox 1716 3252 1885 3302; x_wconf 81' lang='lat' dir='ltr'><strong>missis</strong></span> <span class='ocrx_word' id='word_1_473' title='bbox 1936 3254 2072 3304; x_wconf 83' lang='lat' dir='ltr'><strong>veris</strong></span> <span class='ocrx_word' id='word_1_474' title='bbox 2119 3259 2175 3303; x_wconf 89' lang='lat' dir='ltr'><strong>et</strong></span> <span class='ocrx_word' id='word_1_475' title='bbox 2221 3253 2403 3303; x_wconf 82' lang='lat' dir='ltr'><strong>solidis</strong></span> <span class='ocrx_word' id='word_1_476' title='bbox 2448 3254 2787 3318; x_wconf 69' lang='lat' dir='ltr'><strong>argumentis,</strong></span> 
     </span>
     <span class='ocr_line' id='line_1_89' title="bbox 1718 3329 2789 3395; baseline 0.002 -16"><span class='ocrx_word' id='word_1_477' title='bbox 1718 3329 1903 3395; x_wconf 85' lang='lat' dir='ltr'><strong>quibus</strong></span> <span class='ocrx_word' id='word_1_478' title='bbox 1935 3329 2071 3381; x_wconf 87' lang='lat' dir='ltr'><strong>forte</strong></span> <span class='ocrx_word' id='word_1_479' title='bbox 2107 3329 2429 3392; x_wconf 72' lang='lat' dir='ltr'><strong>destituitur,</strong></span> <span class='ocrx_word' id='word_1_480' title='bbox 2463 3330 2789 3382; x_wconf 79' lang='lat' dir='ltr'><strong>solummodo</strong></span> 
     </span>
     <span class='ocr_line' id='line_1_90' title="bbox 1717 3406 2788 3472; baseline 0.001 -16"><span class='ocrx_word' id='word_1_481' title='bbox 1717 3406 1987 3457; x_wconf 79' lang='lat' dir='ltr'><strong>verborum</strong></span> <span class='ocrx_word' id='word_1_482' title='bbox 2027 3406 2253 3459; x_wconf 78' lang='lat' dir='ltr'><strong>flosculis</strong></span> <span class='ocrx_word' id='word_1_483' title='bbox 2273 3414 2330 3457; x_wconf 91' lang='lat' dir='ltr'><strong>et</strong></span> <span class='ocrx_word' id='word_1_484' title='bbox 2350 3408 2635 3471; x_wconf 82' lang='lat' dir='ltr'><strong>lenociniis,</strong></span> <span class='ocrx_word' id='word_1_485' title='bbox 2655 3407 2788 3472; x_wconf 75' lang='lat' dir='ltr'><strong>figu-</strong></span> 
     </span>
     <span class='ocr_line' id='line_1_91' title="bbox 1716 3483 2790 3548; baseline 0.002 -16"><span class='ocrx_word' id='word_1_486' title='bbox 1716 3483 1788 3533; x_wconf 89' lang='lat' dir='ltr'><strong>ris</strong></span> <span class='ocrx_word' id='word_1_487' title='bbox 1809 3489 1866 3532; x_wconf 96' lang='lat' dir='ltr'><strong>et</strong></span> <span class='ocrx_word' id='word_1_488' title='bbox 1887 3483 2173 3534; x_wconf 75' lang='lat' dir='ltr'><strong>Antithetis</strong></span> <span class='ocrx_word' id='word_1_489' title='bbox 2209 3483 2422 3534; x_wconf 86' lang='lat' dir='ltr'><strong>crimina</strong></span> <span class='ocrx_word' id='word_1_490' title='bbox 2454 3485 2552 3534; x_wconf 90' lang='lat' dir='ltr'><strong>sibi</strong></span> <span class='ocrx_word' id='word_1_491' title='bbox 2574 3485 2790 3548; x_wconf 73' lang='lat' dir='ltr'><strong>objecta</strong></span> 
     </span>
     <span class='ocr_line' id='line_1_92' title="bbox 1715 3558 2790 3624; baseline 0.003 -16"><span class='ocrx_word' id='word_1_492' title='bbox 1715 3558 1891 3623; x_wconf 84' lang='lat' dir='ltr'><strong>librat,</strong></span> <span class='ocrx_word' id='word_1_493' title='bbox 1932 3561 2207 3624; x_wconf 77' lang='lat' dir='ltr'><strong>ponderat,</strong></span> <span class='ocrx_word' id='word_1_494' title='bbox 2237 3566 2295 3610; x_wconf 88' lang='lat' dir='ltr'><strong>et</strong></span> <span class='ocrx_word' id='word_1_495' title='bbox 2330 3561 2571 3624; x_wconf 80' lang='lat' dir='ltr'><strong>trutinat,</strong></span> <span class='ocrx_word' id='word_1_496' title='bbox 2609 3567 2670 3611; x_wconf 88' lang='lat' dir='ltr'><strong>et</strong></span> <span class='ocrx_word' id='word_1_497' title='bbox 2701 3573 2790 3611; x_wconf 85' lang='lat' dir='ltr'><strong>ne-</strong></span> 
     </span>
     <span class='ocr_line' id='line_1_93' title="bbox 1716 3637 2786 3702; baseline 0.003 -15"><span class='ocrx_word' id='word_1_498' title='bbox 1716 3637 1823 3687; x_wconf 87' lang='lat' dir='ltr'><strong>scio</strong></span> <span class='ocrx_word' id='word_1_499' title='bbox 1846 3652 1950 3702; x_wconf 87' lang='lat' dir='ltr'><strong>qua</strong></span> <span class='ocrx_word' id='word_1_500' title='bbox 1971 3638 2331 3688; x_wconf 81' lang='lat' dir='ltr'><strong>circumitione</strong></span> <span class='ocrx_word' id='word_1_501' title='bbox 2369 3654 2402 3687; x_wconf 86' lang='lat' dir='ltr'><strong>a</strong></span> <span class='ocrx_word' id='word_1_502' title='bbox 2437 3654 2494 3687; x_wconf 90' lang='lat' dir='ltr'><strong>se</strong></span> <span class='ocrx_word' id='word_1_503' title='bbox 2531 3643 2786 3690; x_wconf 73' lang='lat' dir='ltr'><strong>removet.</strong></span> 
     </span>
     <span class='ocr_line' id='line_1_94' title="bbox 1715 3709 2787 3778; baseline 0.003 -16"><span class='ocrx_word' id='word_1_504' title='bbox 1715 3713 2196 3778; x_wconf 49' lang='lat' dir='ltr'><strong>Laba—Crimina,</strong></span> <span class='ocrx_word' id='word_1_505' title='bbox 2218 3714 2326 3777; x_wconf 55' lang='grc' dir='ltr'><strong>εγω]</strong></span> <span class='ocrx_word' id='word_1_506' title='bbox 2356 3709 2787 3765; x_wconf 85' lang='lat' dir='ltr'><strong>Adconcinnita·</strong></span> 
     </span>
     <span class='ocr_line' id='line_1_95' title="bbox 1718 3788 2790 3856; baseline 0.001 -17"><span class='ocrx_word' id='word_1_507' title='bbox 1718 3796 1825 3839; x_wconf 90' lang='lat' dir='ltr'><strong>tem</strong></span> <span class='ocrx_word' id='word_1_508' title='bbox 1844 3790 2181 3840; x_wconf 85' lang='lat' dir='ltr'><strong>Periodorum</strong></span> <span class='ocrx_word' id='word_1_509' title='bbox 2202 3796 2286 3840; x_wconf 88' lang='lat' dir='ltr'><strong>est</strong></span> <span class='ocrx_word' id='word_1_510' title='bbox 2306 3788 2662 3853; x_wconf 79' lang='lat' dir='ltr'><strong>referendum„</strong></span> <span class='ocrx_word' id='word_1_511' title='bbox 2677 3790 2790 3856; x_wconf 88' lang='lat' dir='ltr'><strong>qni·</strong></span> 
     </span>
     <span class='ocr_line' id='line_1_96' title="bbox 1716 3866 2789 3932; baseline 0.002 -17"><span class='ocrx_word' id='word_1_512' title='bbox 1716 3866 1811 3915; x_wconf 87' lang='lat' dir='ltr'><strong>bus</strong></span> <span class='ocrx_word' id='word_1_513' title='bbox 1833 3866 2152 3929; x_wconf 86' lang='lat' dir='ltr'><strong>includebat,</strong></span> <span class='ocrx_word' id='word_1_514' title='bbox 2175 3866 2387 3930; x_wconf 83' lang='lat' dir='ltr'><strong>objecta</strong></span> <span class='ocrx_word' id='word_1_515' title='bbox 2413 3866 2515 3917; x_wconf 88' lang='lat' dir='ltr'><strong>sibi</strong></span> <span class='ocrx_word' id='word_1_516' title='bbox 2545 3867 2789 3932; x_wconf 85' lang='lat' dir='ltr'><strong>crimina,</strong></span> 
     </span>
     <span class='ocr_line' id='line_1_97' title="bbox 1714 3941 2789 4008; baseline 0.002 -15"><span class='ocrx_word' id='word_1_517' title='bbox 1714 3949 1776 3993; x_wconf 90' lang='lat' dir='ltr'><strong>ut</strong></span> <span class='ocrx_word' id='word_1_518' title='bbox 1816 3943 2086 3993; x_wconf 83' lang='lat' dir='ltr'><strong>videretur</strong></span> <span class='ocrx_word' id='word_1_519' title='bbox 2116 3941 2359 4006; x_wconf 84' lang='lat' dir='ltr'><strong>periodos</strong></span> <span class='ocrx_word' id='word_1_520' title='bbox 2394 3943 2695 4008; x_wconf 82' lang='lat' dir='ltr'><strong>appendere</strong></span> <span class='ocrx_word' id='word_1_521' title='bbox 2732 3945 2789 3995; x_wconf 88' lang='lat' dir='ltr'><strong>in</strong></span> 
     </span>
     <span class='ocr_line' id='line_1_98' title="bbox 1714 4021 2787 4081; baseline 0.002 -10"><span class='ocrx_word' id='word_1_522' title='bbox 1714 4021 1938 4071; x_wconf 81' lang='lat' dir='ltr'><strong>bilance.</strong></span> <span class='ocrx_word' id='word_1_523' title='bbox 2021 4021 2086 4071; x_wconf 91' lang='lat' dir='ltr'><strong>Id</strong></span> <span class='ocrx_word' id='word_1_524' title='bbox 2127 4028 2226 4081; x_wconf 86' lang='lat' dir='ltr'><strong>est,</strong></span> <span class='ocrx_word' id='word_1_525' title='bbox 2267 4022 2505 4073; x_wconf 83' lang='lat' dir='ltr'><strong>Quadam</strong></span> <span class='ocrx_word' id='word_1_526' title='bbox 2551 4021 2787 4073; x_wconf 84' lang='lat' dir='ltr'><strong>modera-</strong></span> 
     </span>
     <span class='ocr_line' id='line_1_99' title="bbox 1713 4099 2789 4163; baseline 0.003 -15"><span class='ocrx_word' id='word_1_527' title='bbox 1713 4100 1874 4162; x_wconf 88' lang='lat' dir='ltr'><strong>tione,</strong></span> <span class='ocrx_word' id='word_1_528' title='bbox 1894 4099 2053 4150; x_wconf 80' lang='lat' dir='ltr'><strong>verba</strong></span> <span class='ocrx_word' id='word_1_529' title='bbox 2075 4100 2313 4163; x_wconf 81' lang='lat' dir='ltr'><strong>trutinat,</strong></span> <span class='ocrx_word' id='word_1_530' title='bbox 2335 4100 2412 4150; x_wconf 83' lang='lat' dir='ltr'><strong>ita</strong></span> <span class='ocrx_word' id='word_1_531' title='bbox 2431 4107 2494 4150; x_wconf 86' lang='lat' dir='ltr'><strong>ut</strong></span> <span class='ocrx_word' id='word_1_532' title='bbox 2513 4111 2789 4151; x_wconf 80' lang='lat' dir='ltr'><strong>numerum</strong></span> 
     </span>
     <span class='ocr_line' id='line_1_100' title="bbox 1714 4174 2791 4239; baseline 0.003 -15"><span class='ocrx_word' id='word_1_533' title='bbox 1714 4176 2045 4239; x_wconf 82' lang='lat' dir='ltr'><strong>syllabarum,</strong></span> <span class='ocrx_word' id='word_1_534' title='bbox 2063 4174 2276 4239; x_wconf 80' lang='lat' dir='ltr'><strong>pednm&#39;,</strong></span> <span class='ocrx_word' id='word_1_535' title='bbox 2290 4187 2520 4239; x_wconf 80' lang='lat' dir='ltr'><strong>casuum,</strong></span> <span class='ocrx_word' id='word_1_536' title='bbox 2535 4187 2594 4227; x_wconf 86' lang='lat' dir='ltr'><strong>et</strong></span> <span class='ocrx_word' id='word_1_537' title='bbox 2614 4178 2791 4227; x_wconf 72' lang='lat' dir='ltr'><strong>omia</strong></span> 
     </span>
     <span class='ocr_line' id='line_1_101' title="bbox 1714 4252 2787 4319; baseline 0 -16"><span class='ocrx_word' id='word_1_538' title='bbox 1714 4252 2277 4319; x_wconf 61' lang='lat' dir='ltr'><strong>deniqueconsideret,</strong></span> <span class='ocrx_word' id='word_1_539' title='bbox 2299 4266 2365 4301; x_wconf 86' lang='lat' dir='ltr'><strong>ne</strong></span> <span class='ocrx_word' id='word_1_540' title='bbox 2385 4254 2503 4317; x_wconf 79' lang='lat' dir='ltr'><strong>plns</strong></span> <span class='ocrx_word' id='word_1_541' title='bbox 2520 4252 2592 4305; x_wconf 83' lang='lat' dir='ltr'><strong>sit</strong></span> <span class='ocrx_word' id='word_1_542' title='bbox 2605 4254 2664 4303; x_wconf 80' lang='lat' dir='ltr'><strong>in</strong></span> <span class='ocrx_word' id='word_1_543' title='bbox 2681 4268 2787 4303; x_wconf 87' lang='lat' dir='ltr'><strong>uno</strong></span> 
     </span>
     <span class='ocr_line' id='line_1_102' title="bbox 1713 4329 2786 4396; baseline 0.001 -15"><span class='ocrx_word' id='word_1_544' title='bbox 1713 4344 1870 4396; x_wconf 80' lang='lat' dir='ltr'><strong>quam</strong></span> <span class='ocrx_word' id='word_1_545' title='bbox 1890 4330 1942 4380; x_wconf 87' lang='lat' dir='ltr'><strong>in</strong></span> <span class='ocrx_word' id='word_1_546' title='bbox 1966 4330 2134 4382; x_wconf 86' lang='lat' dir='ltr'><strong>altero</strong></span> <span class='ocrx_word' id='word_1_547' title='bbox 2160 4329 2412 4382; x_wconf 81' lang='lat' dir='ltr'><strong>membro.</strong></span> <span class='ocrx_word' id='word_1_548' title='bbox 2475 4329 2708 4395; x_wconf 82' lang='lat' dir='ltr'><strong>Sperans</strong></span> <span class='ocrx_word' id='word_1_549' title='bbox 2723 4344 2786 4382; x_wconf 81' lang='lat' dir='ltr'><strong>se</strong></span> 
     </span>
    </p>
   </div>
   <div class='ocr_carea' id='block_1_10' title="bbox 3050 1202 3053 2424">
    <p class='ocr_par' dir='ltr' id='par_1_12' title="bbox 3050 1202 3053 2424">
     <span class='ocr_line' id='line_1_103' title="bbox 3050 1202 3053 2424; baseline 0 0"><span class='ocrx_word' id='word_1_550' title='bbox 3050 1202 3053 2424; x_wconf 95' lang='lat' dir='ltr'><strong> </strong></span> 
     </span>
    </p>
   </div>
   <div class='ocr_carea' id='block_1_11' title="bbox 3049 2581 3051 3223">
    <p class='ocr_par' dir='ltr' id='par_1_13' title="bbox 3049 2581 3051 3223">
     <span class='ocr_line' id='line_1_104' title="bbox 3049 2581 3051 3223; baseline 0 0"><span class='ocrx_word' id='word_1_551' title='bbox 3049 2581 3051 3223; x_wconf 95' lang='lat' dir='ltr'><strong> </strong></span> 
     </span>
    </p>
   </div>
   <div class='ocr_carea' id='block_1_12' title="bbox 3047 3401 3048 3949">
    <p class='ocr_par' dir='ltr' id='par_1_14' title="bbox 3047 3401 3048 3949">
     <span class='ocr_line' id='line_1_105' title="bbox 3047 3401 3048 3949; baseline 0 0"><span class='ocrx_word' id='word_1_552' title='bbox 3047 3401 3048 3949; x_wconf 95' lang='lat' dir='ltr'><strong> </strong></span> 
     </span>
    </p>
   </div>
  </div>
 </body>
</html>
