3084 4934
481 371 615 485 πὸ

481 579 714 641 mittere,
738 590 858 627 cum
879 576 970 627 iiia
989 574 1110 627 inde
1132 577 1312 642 potius
1334 573 1558 627 debere·

483 668 599 704 mus
617 652 827 704 efferre.
861 652 1454 726 Labienum—Imminere]
1473 654 1559 704 In-

483 729 680 780 ducere
698 729 1014 795 cupiditates
1032 734 1087 779 et
1106 731 1208 779 alia
1226 730 1353 780 vitia
1362 736 1559 781 nostra.

484 806 606 872 Vel,
624 807 690 856 In
707 822 861 872 quem
876 807 1032 857 finem
1050 808 1150 857 hoc
1167 804 1401 868 facimus,
1419 807 1559 872 quod

484 885 840 948 corruptelam
882 891 1176 935 nostrorum
1215 882 1482 938 inferimus
1504 885 1560 934 in

485 976 570 1011 res
601 961 886 1025 Religionis
907 963 926 1011 i
995 962 1131 1012 Nam
1153 962 1228 1012 sic
1265 976 1390 1028 erga
1413 963 1561 1012 Deos

485 1052 580 1087 nos
601 1039 843 1102 gerimus,
864 1039 1008 1104 quasi
1049 1044 1106 1089 at
1146 1040 1225 1089 illi
1268 1047 1462 1099 essent,
1499 1046 1564 1089 ut

486 1129 599 1166 nos.
637 1114 1097 1180 Ganzak—Mores}
1136 1116 1185 1167 Α
1206 1117 1390 1183 quibus
1411 1119 1563 1168 Deus

487 1198 570 1243 est
591 1192 1248 1259 alienissimus.—Templis,
1277 1194 1387 1259 ξω]
1419 1195 1564 1244 Dum

486 1270 730 1322 nimirum
755 1271 830 1321 ibi
854 1272 1130 1322 ambitiose
1150 1273 1269 1322 Diis
1304 1270 1565 1323 sacrifica-

487 1361 622 1408 mus,
664 1348 900 1399 Deorum
938 1347 1097 1399 facies
1122 1350 1434 1411 inam-amus,
1455 1361 1565 1399 mu·

490 1438 621 1473 nera
643 1425 718 1474 eis
741 1423 840 1475 off«-
845 1427 1020 1476 rimus.
1103 1428 1255 1478 Quod
1278 1441 1461 1478 revera
1481 1434 1568 1477 est

490 1499 653 1550 malos
670 1500 932 1552 bominum
955 1517 1120 1553 mores
1144 1504 1355 1568 templis
1375 1504 1570 1554 immit-

498 1583 631 1627 tere.
671 1576 852 1628 Lubias.
1488 1605 1493 1610 ·

558 1657 625 1703 63
660 1654 800 1704 Bona
814 1655 1005 1722 ducere]
1047 1656 1111 1707 Id
1134 1664 1234 1722 est,
1261 1625 1473 1709 Ducere
1488 1663 1567 1709 at-

495 1745 600 1795 que
645 1730 946 1782 existimare
978 1734 1070 1784 illa
1101 1736 1220 1784 Diis
1251 1750 1366 1785 esse
1399 1742 1568 1800 grata,

491 1822 610 1872 quae
635 1809 911 1860 scelerata
938 1811 1057 1861 huic
1080 1811 1256 1877 pulpae
1277 1812 1383 1862 sint
1401 1818 1570 1877 grata.

490 1887 740 1952 -Pulpfl
792 1887 1018 1955 Proprie
1072 1892 1128 1941 in
1181 1905 1402 1955 corpore
1444 1905 1566 1956 pars

496 1973 749 2025 carnosa-3
802 1966 901 2015 boc
945 1966 1060 2017 loco
1104 1981 1199 2032 pro
1247 1981 1470 2033 corpore
1508 1973 1569 2017 et

491 2054 652 2091 carne
694 2042 969 2106 accipitur,
1013 2045 1249 2094 omnibus
1287 2044 1429 2096 vitiis
1476 2045 1568 2095 ob-

492 2121 668 2184 noxia,
705 2126 763 2171 et
803 2124 977 2186 pravis
1009 2123 1369 2187 voluptatibus
1403 2130 1459 2175 et
1479 2139 1570 2174 cu·

491 2196 800 2262 piditatibus
823 2198 1040 2263 polluta.
1076 2200 1226 2251 Iden.
1293 2201 1426 2251 Haec
1456 2202 1570 2266 pul·

492 2287 581 2339 pa,
625 2274 680 2324 id
721 2281 824 2340 est,
864 2276 1086 2326 carnalis
1129 2278 1418 2343 corruptio,
1462 2292 1569 2328 non

494 2359 745 2404 contenta
766 2354 990 2404 naturali
1012 2369 1185 2405 rerum
1207 2354 1569 2421 simplicitate,

491 2429 682 2484 miscet
703 2437 760 2481 et
782 2431 937 2483 vitiat
957 2433 1129 2482 omnia
1150 2448 1164 2482 ε
1198 2432 1279 2482 bis
1299 2441 1472 2483 tamen
1494 2434 1571 2484 ita

491 2507 693 2559 vitiatis
737 2509 920 2572 utitur,
963 2510 1151 2559 saltem
1187 2508 1412 2572 fruitur;
1445 2510 1568 2561 Diis

494 2591 670 2636 tamen
688 2585 818 2635 nulli
836 2591 959 2634 sunt
979 2585 1109 2635 usui.
1174 2585 1435 2638 Quorsum
1471 2585 1571 2637 ita,

495 2674 599 2726 que
620 2658 743 2710 Diis
767 2660 880 2711 baec
904 2659 1138 2713 dicamus
1155 2661 1174 2709 ?
1192 2660 1357 2711 emaci
1370 2671 1570 2725 'nempe

491 2736 884 2800 nundinatione,
928 2743 989 2787 ut
1026 2737 1240 2788 meliora
1262 2737 1330 2787 ab
1352 2737 1418 2789 iis
1438 2739 1576 2790 acci.

497 2815 722 2879 piamus.
758 2811 970 2866 Furnab.

558 2894 625 2941 64
659 2891 801 2954 Hoec,
821 2889 926 2955 qma]
981 2888 1048 2941 Id
1086 2895 1189 2954 est,
1226 2890 1352 2942 Hoec
1389 2893 1572 2958 pulpa,

496 2967 584 3017 vel
617 2981 741 3018 caro
783 2974 961 3022 nostra
980 2967 1092 3031 eibi,
1124 2927 1191 3017 ad
1210 2982 1359 3019 suam
1382 2971 1575 3033 pulcri·

493 3043 750 3108 tudinem,
773 3051 831 3099 et
852 3043 1127 3107 decorem;
1159 3051 1216 3095 ut
1230 3059 1420 3111 nempe
1444 3050 1577 3098 cuti·-

493 3120 611 3171 cula
650 3120 973 3184 splendidius
995 3122 1183 3186 niteat,
1203 3130 1259 3173 et
1286 3124 1578 3188 jucundius

490 3200 649 3262 oleat,
665 3201 861 3250 casiam
884 3207 1134 3265 corrupto
1155 3202 1291 3252 olivo
1317 3203 1577 3267 dissolvit,

492 3282 551 3324 et
572 3275 700 3325 iude
722 3279 1010 3340 pretiosum
1027 3285 1370 3344 unguentum,
1409 3287 1467 3331 et
1498 3279 1579 3332 fu..

496 3366 615 3402 cum
660 3352 839 3404 facere
877 3355 1068 3407 docuit.
1159 3357 1252 3407 Dii
1299 3373 1424 3408 vero
1465 3359 1581 3410 haic

498 3437 771 3493 respuunt.
867 3432 948 3481 Ex
986 3434 1129 3483 casia
1180 3435 1317 3485 enim
1366 3444 1423 3485 et
1466 3437 1584 3486 oleo

493 3514 765 3571 unguenta
805 3506 1341 3579 fiebant—Dissolvie]
1391 3513 1585 3573 Diluit‚

494 3592 557 3636 ιιι
573 3585 710 3635 cutis
729 3600 791 3636 eo
813 3587 976 3652 magis
998 3593 1137 3638 tersa
1156 3595 1212 3639 et
1234 3589 1405 3640 nitida
1427 3604 1585 3656 appa·

495 3664 960 3729 reate-Corrupto]
1016 3666 1384 3730 corrumpitur
1440 3669 1583 3717 enim

493 3741 688 3803 oleum,
725 3756 848 3792 cum
882 3741 1034 3793 fucus
1068 3742 1150 3793 fit.
1183 3744 1362 3796 Lubin.
1429 3745 1588 3798 Quic-

495 3819 620 3884 quid
642 3820 782 3870 enim
801 3820 997 3871 desinit
1013 3821 1144 3872 illud
1166 3838 1279 3873 esse
1303 3823 1439 3889 quod
1459 3821 1584 3888 fuit,

494 3899 757 3963 corrumpi
776 3898 985 3950 dicitur.
1013 3901 1462 3966 canabe-Casia]
1486 3905 1585 3954 Est

494 3971 674 4023 frutex
723 3975 1055 4039 aromaticus,
1102 3991 1171 4027 ex
1205 3991 1309 4043 quo
1352 3993 1585 4043 unguen·

495 4057 609 4100 tum
629 4050 1010 4118 flebam-Silta]
1065 4054 1141 4104 Ut
1182 4070 1240 4105 se
1281 4054 1584 4106 nitidiorem

493 4125 672 4177 faciat.
706 4128 883 4180 Lubia-

557 4208 621 4269 ⁶⁵
658 4206 750 4267 Et,
768 4207 874 4270 ζα]
933 4206 1140 4273 Nempe
1185 4209 1300 4260 haec
1354 4208 1585 4262 delicata

498 4286 676 4332 nostra
697 4296 840 4347 caro,
864 4289 925 4334 ut
945 4298 1008 4333 eo
1032 4286 1316 4349 speciosius
1337 4295 1579 4351 ornetur,

505 4357 783 4417 Calabrum
828 4360 1012 4420 vellus,
1050 4362 1135 4412 vel
1174 4362 1315 4416 lanas
1347 4364 1579 4416 Tarenti-

1178 432 1401 485 NOTAE
1448 419 1857 480 vamonmu
1904 427 1983 478 ΙΝ
2043 483 2050 486 ,

1633 587 1746 638 nas,
1765 573 1951 625 vitiato
1972 572 2173 624 murice
2195 574 2277 624 vel
2290 571 2578 639 conchylio
2597 588 2716 625 eor·

1634 658 1811 715 rupto,
1850 657 1907 701 et
1943 657 2113 712 cocto,
2151 650 2352 713 infecit,
2384 658 2442 702 et
2463 665 2731 716 purpurat.

1633 730 1865 778 colorem
1890 728 1990 793 ipsi
2010 727 2565 791 inuidia—Calabrum,
2602 728 2712 792 &cd

1633 805 1803 855 Lauas
1842 805 2167 855 Tarentinas.
2250 806 2537 856 Tarentum
2571 808 2709 856 enim

1634 884 1820 933 civitas
1873 884 2288 946 Calabriae,·nbi
2327 887 2446 935 lana
2495 885 2717 949 optima,

1635 964 1774 1010 teste
1788 960 1929 1010 Plin.
1945 961 2451 1025 v111.48.-Vitiuto]
2470 961 2560 1012 Sic
2584 975 2717 1025 prae-

1636 1036 1850 1087 cedenti
1887 1051 2060 1099 versu,
2092 1048 2340 1103 corrupto
2376 1039 2719 1089 oliva—Ma·

1637 1110 1760 1176 rice]
1795 1112 1987 1163 Mul-ex
2008 1128 2041 1163 e
2076 1127 2269 1178 genere
2308 1114 2718 1180 conchyliorum,

1639 1191 1789 1255 cujus
1826 1192 2078 1257 sanguine
2107 1193 2328 1257 tingitur
2344 1195 2504 1257 color,
2519 1208 2718 1258 purpu-

1639 1282 1709 1317 rae
1733 1267 1929 1319 similis.
1962 1269 2140 1319 Lubin.

1701 1348 1770 1395 66
1803 1344 1947 1409 Hoec,
1968 1345 2073 1410 ξω]
2107 1343 2173 1396 ld
2190 1352 2293 1412 est,
2320 1347 2448 1398 Haec
2470 1362 2594 1398 caro
2624 1348 2720 1398 im-

1638 1422 1848 1486 peravit
1868 1425 2082 1473 conchoe
2106 1426 2336 1488 marinae,
2353 1424 2558 1487 baccam,
2574 1425 2722 1475 unio-

1639 1513 1778 1561 nem,
1814 1500 1898 1549 vel
1931 1515 2186 1564 gemmam
2213 1501 2420 1564 radere,
2453 1502 2640 1566 polire,
2662 1510 2721 1553 et
2749 1568 2753 1571 Δ

1637 1577 1891 1640 levigare,
1907 1584 1964 1627 et
1980 1578 2214 1628 vestibus
2237 1580 2288 1627 in
2317 1579 2553 1642 corporis
2565 1593 2721 1629 orna-

1638 1659 1872 1704 mentum
1909 1654 2154 1718 iuserere,
2188 1662 2244 1705 et
2265 1655 2723 1705 intexere.--Bae-

1637 1730 1764 1794 cava]
1798 1730 2022 1796 Proprie
2039 1734 2091 1782 in
2106 1733 2375 1782 arboribus
2394 1733 2562 1793 lauro,
2581 1747 2723 1797 myr-

1643 1815 1722 1861 to.
1770 1809 1878 1860 Hic
1912 1810 2150 1875 Metapb.
2169 1825 2264 1875 pro
2281 1810 2724 1861 unione—Strin-

1635 1887 1774 1951 gere]
1803 1885 1870 1936 In
1891 1900 2051 1935 unum
2069 1899 2261 1950 cogere
2284 1892 2343 1935 et
2365 1884 2616 1951 conflare,
2635 1886 2724 1936 vel

1640 1962 1828 2012 malleo
1846 1961 1920 2011 ita
1943 1961 2187 2023 tundere,
2204 1968 2263 2013 ut
2271 1962 2559 2014 eliciantur
2570 1960 2724 2013 stric-

1640 2046 1716 2102 ta,
1736 2040 1833 2089 hoc
1848 2047 1950 2104 est,
1965 2041 2231 2105 σπινθῆρες.
2287 2040 2429 2091 Hinc
2449 2038 2578 2090 ferri
2592 2055 2727 2091 uias·

1639 2132 1712 2167 sae
1750 2117 1837 2168 vel
1870 2119 2099 2181 laminae,
2144 2119 2411 2169 stricturae
2460 2116 2726 2171 dicuntur.

1639 2195 1814 2245 lubin.
1884 2196 2138 2259 διήκειν-ο
2180 2210 2307 2261 ergo
2341 2196 2408 2246 de
2430 2211 2562 2248 auro
2580 2212 2729 2246 usur-

1640 2273 1806 2337 pavit,
1842 2274 1983 2339 quod
2029 2274 2151 2338 igue
2191 2274 2447 2339 liquatum
2479 2273 2533 2323 in
2569 2288 2729 2324 unam

1639 2363 1860 2400 massam
1921 2348 2176 2405 conflatur
2220 2359 2276 2400 et
2318 2350 2444 2403 coit.
2513 2351 2728 2404 Salmas.

1640 2427 1894 2491 —VewJ
1947 2427 2173 2493 Proprie
2208 2428 2263 2478 in
2306 2442 2550 2492 corpore.
2581 2457 2586 2464 ·
2616 2427 2730 2477 Per

1641 2506 1884 2571 Metaph.
1915 2506 2241 2557 subterranei
2275 2512 2476 2556 meatus
2508 2502 2598 2555 ubi
2638 2518 2731 2555 au·

1644 2597 1775 2634 rum.
1833 2583 1965 2633 Cum
2004 2582 2111 2632 ille
2150 2597 2319 2645 venae,
2352 2581 2404 2632 id
2444 2589 2547 2645 est,
2584 2582 2733 2633 rudis

1644 2664 1865 2714 materia
1887 2678 1957 2714 ex
1979 2663 2124 2714 venis
2142 2671 2321 2728 exuta,
2337 2666 2497 2729 inque
2516 2662 2738 2713 fornace*

1644 2747 1814 2806 cocta,
1844 2742 1898 2790 in
1924 2756 2163 2804 massam,
2188 2739 2311 2791 dum
2335 2740 2599 2806 coquitur,
2622 2739 2731 2789 fer·

1643 2823 1858 2870 ventem
1908 2824 1966 2868 et
2020 2818 2241 2882 ignitam
2285 2818 2561 2881 redigitur.
2562 2817 2736 2866 —Ra-

1644 2894 1785 2959 sisse]
1824 2894 1869 2944 E
1892 2896 2095 2946 concha
2118 2893 2333 2957 radere3
2355 2894 2568 2944 concbae
2590 2891 2749 2948 enimv

1647 2972 2037 3035 adbaerescunt,
2076 2987 2246 3038 neque
2303 2972 2458 3022 avelli
2512 2976 2738 3035 queunt,

1648 3050 1747 3100 nisi
1767 3050 1905 3101 lima.
1939 3049 2279 3101 Plin.1x.35.
2307 3064 2357 3100 c.
2421 3049 2597 3103 Lubin.

1710 3131 1776 3180 6¹1
1814 3128 1996 3192 cndu]
2043 3127 2183 3181 Quia
2220 3124 2427 3192 quando
2461 3126 2575 3191 jam
2621 3125 2735 3190 pri

1650 3219 1789 3254 mum
1811 3218 1879 3254 ex
1899 3203 2162 3256 montibus
2187 3209 2383 3267 erutus,
2418 3210 2476 3254 et
2499 3202 2734 3258 nondum

1653 3282 1900 3332 decoctus
1918 3287 2018 3344 est,
2030 3282 2220 3332 crudus
2241 3281 2620 3346 quodammodo
2632 3289 2736 3332 est.

1654 3357 1718 3408 Id
1755 3366 1857 3421 est,
1895 3358 2015 3408 Hoc
2053 3371 2264 3422 corpus,
2297 3358 2410 3408 haec
2433 3355 2740 3421 caro,fuco,

1655 3436 1909 3502 preciosis
1942 3435 2195 3500 vestibus,
2218 3435 2434 3500 gemmis
2454 3440 2509 3485 et
2523 3450 2652 3485 auro
2673 3450 2734 3485 se

1657 3518 1894 3574 exornat,
1917 3513 2088 3578 iisque
2110 3511 2423 3563 delectatur.
2457 3512 2610 3564 Idm.

1721 3595 1787 3642 68
1820 3590 2017 3653 Peccat,
2039 3590 2147 3655 ξω]
2188 3590 2322 3639 Caro
2341 3589 2551 3639 scilicet
2570 3588 2741 3639 omnis
2821 3648 2829 3654 ⁴

1656 3666 1780 3717 mali
1801 3673 2004 3728 auctor,
2039 3666 2163 3715 dum
2184 3664 2302 3728 ipsa
2322 3665 2559 3730 sequitur
2580 3666 2737 3729 mala,

1658 3750 1716 3794 et
1736 3744 1957 3794 animam
1981 3758 2157 3794 secum
2181 3742 2361 3804 trahit,
2382 3747 2440 3791 et
2455 3742 2643 3792 eadem
2666 3742 2737 3793 de

1657 3821 1776 3871 Diis
1810 3821 1911 3871 sibi
1954 3834 2161 3887 quoque
2200 3818 2503 3884 persuadet.
2558 3818 2744 3873 labia.

1657 3899 1777 3960 Vei,
1797 3898 1899 3949 Illa
1918 3896 2124 3950 luxuria
2139 3911 2244 3961 qua
2264 3896 2496 3945 homines
2513 3894 2568 3944 in
2589 3896 2738 3945 cultu

1660 3990 1754 4025 suo
1788 3981 2024 4036 utuntur,
2045 3973 2232 4024 vitium
2255 3980 2336 4022 est
2357 3979 2414 4022 et
2436 3979 2737 4036 peccatum.

1661 4054 1993 4106 casaubou.-
2001 4053 2153 4115 Vitio,
2172 4050 2280 4116 δῖα]
2326 4050 2576 4104 Quamvis
2610 4065 2738 4115 pec-

1658 4138 1763 4194 cet,
1780 4138 1837 4181 et
1859 4145 1916 4181 se
1934 4144 2157 4195 peccare
2183 4126 2397 4189 sentiat,
2417 4126 2639 4176 meliora
2660 4135 2739 4177 ta-

1657 4221 1777 4257 men
1824 4206 2056 4257 monenti
2100 4220 2201 4255 non
2246 4203 2598 4266 obtemperat,
2640 4202 2738 4255 sed

1659 4282 1866 4335 assidue
1882 4284 1938 4333 in
1960 4282 2066 4333 suis
2087 4281 2229 4333 vitiis
2245 4282 2568 4346 perseverat.
2636 4278 2740 4330 Ca.

1657 4362 1939 4426 saubonus,
1960 4361 2054 4426 uti,
2068 4360 2153 4411 hic
2172 4356 2366 4425 accipit
2384 4369 2481 4423 pro
2492 4354 2623 4419 swi-
