3084 4934
1149 406 1423 461 ranan·
1455 407 1618 461 sA‘r.
1665 408 1742 459 v.
1829 384 1836 391 ’

328 552 557 607 -bsatan
574 551 842 617 jactitet}
874 549 965 603 ubi
990 566 1024 602 a
1054 557 1278 616 putore
1298 564 1406 605 ma·

340 629 597 683 nunninus
614 633 714 679 est.
746 627 1095 693 Apparebant
1113 628 1252 679 e‘nim
1262 628 1405 678 Prae·

341 707 448 759 tori
477 711 529 757 8.
550 705 924 769 lictorem—In,
952 705 1058 769 ξω]
1090 704 1171 755 .1d
1209 711 1306 770 est,
1341 705 1404 759 In

326 797 409 835 m
447 783 662 834 beatum
705 782 979 847 praedicat,
1027 782 1164 847 quod
1205 780 1405 841 festuca

339 858 427 911 vel
449 860 595 923 virga
627 859 882 923 praetoris,
901 858 1062 922 ipsius
1099 863 1259 922 caput
1292 864 1404 907 tan-

344 935 441 999 git.
477 936 628 984 Iden.

410 1015 506 1064 176
536 1010 649 1074 Jas,
669 1010 777 1074 ξω]
832 1009 1034 1061 Probat
1057 1009 1283 1069 ulterius,
1300 1010 1405 1060 Da-

326 1102 479 1139 naam
511 1101 619 1137 non
656 1102 768 1137 esse
806 1087 1026 1137 liberum
1060 1101 1127 1136 ex
1159 1087 1408 1152 adjuncta

324 1163 659 1215 .ambitione:
708 1164 852 1229 quod
901 1164 995 1214 illa
1042 1164 1282 1226 ducatur,
1343 1180 1404 1217 ac

338 1240 563 1307 proinde
601 1241 737 1291 liber
767 1255 883 1291 esse
919 1241 1409 1306 nequeat—Palpo]

344 1315 635 1368 Auferendi
651 1331 820 1380 casus,
832 1332 935 1367 non
954 1317 1268 1369 nominandi.
1311 1319 1408 1366 Est

344 1399 523 1445 autem
544 1394 728 1456 Palpus
761 1408 793 1442 a
826 1393 1104 1458 palpando.
1172 1394 1277 1443 Hic
1314 1408 1408 1456 pro

342 1466 614 1525 blanditiis
635 1476 693 1519 et
725 1469 985 1523 illecebris
1019 1471 1260 1534 ponitur-3
1300 1470 1410 1535 qui·

344 1546 445 1598 bus
483 1546 712 1597 homines
735 1547 801 1596 ad
840 1546 1060 1598 bonores
1091 1547 1408 1599 alliciuntur.

326 1622 520 1674 labin.
590 1623 697 1674 Pro
738 1625 891 1688 tollit,
922 1624 1010 1674 alii
1048 1624 1176 1681 ‚libri
1214 1624 1412 1675 habent

326 1701 502 1753 .dacit:
536 1715 632 1751 nec
664 1702 799 1751 male
838 1701 1030 1751 ducere
1063 1715 1182 1751 eum
1219 1700 1412 1750 dicitur

342 1776 577 1842 ambitio,
599 1778 688 1841 qui
721 1777 830 1841 ejus
865 1792 1025 1827 causa
1045 1775 1176 1827 facit
1198 1777 1370 1826 omnia
1394 1793 1409 1837 ς

345 1866 408 1903 ac
442 1851 580 1903 sorte
622 1853 689 1905 ad
721 1855 914 1904 amices
950 1853 1261 1904 deductores
1294 1867 1412 1903 can-

340 1929 638 1983 didatam
681 1931 933 1995 respexit.
987 1931 1416 1982 cannah—Hion-

345 2006 469 2070 um]
536 2009 701 2061 Quasi
750 2008 957 2060 honoris
1009 2006 1235 2058 avidum.
1315 2008 1412 2059 Im-

413 2163 509 2209 177
547 2161 768 2225 cretata]
800 2160 1111 2213 Candidata.
1160 2163 1300 2213 Nam
1323 2161 1415 2227 qui

326 2234 565 2293 'bonores
599 2238 923 2302 aspirabant,
951 2239 1220 2289 candidati
1250 2245 1306 2289 et
1341 2241 1414 2289 al·

346 2315 429 2367 bis
455 2316 793 2381 candidisque
817 2317 1047 2368 vestibus
1079 2317 1413 2368 incedebant.

344 2392 779 2458 labam—Vigila,
821 2394 928 2460 ξω]
998 2395 1159 2445 Ludis
1201 2395 1415 2445 Florali-

346 2468 447 2519 bus
487 2468 659 2518 omnia
701 2471 902 2520 semina
941 2471 1320 2536 spargebantur
1360 2471 1415 2523 in

340 2544 619 2608 populum,
642 2551 701 2595 ut
737 2546 912 2596 Tellus
940 2547 1087 2597 velut
1116 2547 1416 2599 muneribus

348 2620 454 2670 suis
492 2621 817 2683 placaretur.
871 2625 974 2673 Vet.
997 2624 1108 2677 Sele.
1183 2626 1417 2676 Maxime

347 2704 566 2763 propter
623 2697 794 2750 officia
845 2701 1233 2764 salutationum,
1288 2717 1417 2768 quas

348 2780 475 2825 ante
513 2775 797 2826 diluculum
830 2777 1164 2828 inchoabant.
1224 2780 1312 2828 De
1343 2781 1417 2829 la-

347 2851 477 2902 bore
501 2857 558 2901 et
589 2852 780 2916 vigiliis
818 2854 1214 2904 candidatorum
1253 2856 1420 2905 multa

348 2929 541 2980 Cicero
569 2930 726 2979 variis
757 2922 904 2981 locis.
941 2929 1142 2981 Cmab.
1208 2931 1314 2980 Vel·
1345 2931 1422 2980 ita

351 3003 504 3066 dicit,
525 3005 647 3067 quia
683 3004 897 3055 ambitio
928 3004 1185 3055 hominem
1206 3018 1311 3054 non
1349 3004 1423 3056 fa-

300 3128 317 3143 ,
332 3082 457 3137 ,cile
496 3081 621 3132 sinit
662 3083 946 3147 quiescere.
947 3084 1104 3145 —Ee‚
1133 3084 1240 3147 ξα]
1279 3082 1422 3132 Sole·

338 3159 489 3215 ,bant
519 3160 784 3211 ambitiosi
798 3161 950 3224 ludis,
972 3161 1423 3223 viscerationibus,

355 3236 650 3301 congiariis,
715 3243 769 3287 et
816 3237 1199 3303 largitionibus,
1243 3237 1423 3302 populi

355 3304 576 3379 gratiam
598 3320 833 3378 captare.
867 3315 1044 3365 Lubia-

424 3393 521 3440 178
555 3392 783 3452 Rimanti,
820 3390 925 3454 ξω]
969 3391 1035 3441 Ιιι
1072 3391 1306 3456 legendis
1349 3390 1423 3440 le-

357 3467 648 3533 guminibus
688 3469 827 3518 inter
865 3483 923 3518 se
960 3469 1174 3532 rixanti,
1210 3473 1423 3518 conten·

358 3542 527 3606 denti,
570 3548 628 3592 et
661 3543 1217 3607 litiganti.--Floralia]
1270 3544 1426 3593 Festa

356 3622 413 3672 in
452 3623 701 3672 honorem
745 3621 914 3673 Floroe
954 3622 1245 3671 meretricis
1281 3622 1428 3671 insti-

358 3704 496 3761 tuta,
514 3697 773 3761 obscoena,
796 3702 855 3747 et
880 3697 1106 3747 infanda.
1173 3699 1304 3748 Erat
1337 3712 1426 3746 au-

361 3782 470 3825 tem
493 3775 641 3825 Flora
677 3776 813 3838 Dea,
846 3790 959 3840 quae
979 3774 1190 3825 floribus
1214 3779 1427 3839 praeest,

362 3857 422 3902 et
464 3848 812 3915 leguminibus
854 3852 1058 3902 colitur.
1144 3853 1231 3900 De
1283 3851 1428 3914 cujus

361 3926 620 3978 obscoenis
642 3926 801 3976 sacris
839 3926 959 3976 vide
993 3929 1236 3978 Lactaut.
1274 3941 1313 3977 1.
1345 3931 1429 3976 20.

362 4003 539 4057 labia.
602 4002 708 4052 Sed
743 4003 829 4053 hic
859 4004 1219 4068 intelliguntur
1252 4017 1429 4053 omnes

363 4084 607 4136 ludorum
639 4083 859 4147 species,
894 4098 1019 4147 quos
1061 4083 1285 4133 edebant
1317 4081 1430 4131 Ma-

363 4162 640 4227 gistratus,
659 4160 965 4224 popularem
984 4160 1204 4225 gratiam
1219 4163 1431 4222 captan-

350 4245 473 4293 tes.
519 4235 722 4287 cumb.

435 4317 534 4364 1⁷9
564 4311 751 4375 aprici,
780 4311 890 4375 ξω]
964 4310 1152 4362 Solent
1189 4324 1336 4362 senes
1377 4308 1433 4359 in

502 4393 679 4458 Delph.
698 4397 748 4442 et
773 4394 892 4444 Ver.
916 4393 1048 4443 Clas.

1478 551 1591 603 sole
1610 550 1826 602 hiberno
1846 551 2142 616 apricantes
2160 551 2240 611 κᾳὶ
2256 550 2544 617 ‹ianam-7⁸1·

1473 644 1557 676 τες
1576 627 1715 679 circa
1730 628 2000 679 meridiem
2016 630 2282 693 calidiore,
2299 627 2542 692 denngis
2567 640 2571 645 ·

1474 705 1576 756 boc
1597 720 1757 770 genus
1789 707 1986 770 garrire
2004 724 2020 756 z
2053 708 2192 759 unde
2234 708 2545 759 Grmcorum

1476 783 1807 847 proverbium
1823 783 2138 848 μεσημβρινὸς
2154 786 2316 849 λῆρος.
2341 781 2545 845 casaub.

1471 859 1684 910 ,Τιιηιεὰ
1708 873 1802 910 xx.
1827 862 2092 925 1.-Ωιιίἀ,
2111 860 2218 924 ζα]
2258 863 2427 919 Quam
2450 873 2545 924 po·

1478 938 1602 1000 pulo
1639 936 1869 1000 placere,
1904 944 1962 986 et
2003 938 2058 987 in
2104 937 2443 991 admiratione
2485 941 2546 987 et

1479 1013 1645 1076 gratia
1661 1027 1791 1073 esse.
1817 1012 2045 1063 Ironice.
2080 1013 2253 1063 Lubia-
2385 1052 2390 1057 -

1546 1092 1641 1138 180
1675 1088 1904 1150 Herodis,
1942 1092 2049 1155 ξω]
2122 1087 2363 1141 Herodes
2404 1086 2549 1152 apud

1477 1164 1691 1223 Judaeos
1725 1166 1963 1230 regnavit
1989 1166 2310 1232 temporibus,
2342 1164 2548 1230 Augus-

1482 1242 1542 1304 ti,
1559 1243 1611 1290 in
1634 1241 1869 1305 partibus
1885 1242 2065 1306 Syrioe.
2117 1241 2404 1297 Herodiani
2419 1255 2547 1306 ergo

1481 1317 1619 1368 diem
1643 1319 1868 1368 natalem
1904 1311 2138 1368 Herodis
2164 1317 2464 1381 observant,
2485 1323 2550 1369 nt

1482 1396 1639 1447 etiam
1662 1395 1917 1445 Sabbata:
1955 1410 2055 1460 qno
2090 1395 2175 1444 die
2195 1396 2433 1445 lucernas
2465 1408 2550 1453 ac·

1482 1486 1683 1533 censas,
1701 1478 1757 1520 et
1774 1470 1921 1520 violis
1943 1477 2217 1520 coronatas
2237 1470 2290 1518 in
2306 1468 2550 1520 fenestris

1484 1554 1703 1613 ponunt.
1746 1548 1853 1598 Vel.
1870 1547 2264 1597 Sela—Herodis
2278 1546 2400 1611 dies]
2421 1546 2552 1609 Pei·-

1485 1627 1590 1676 sius
1633 1625 1699 1675 de
1741 1624 2113 1689 superstitione
2145 1624 2231 1673 hic
2265 1638 2443 1689 agens,
2462 1637 2552 1677 ex·

1484 1702 1657 1768 empla
1715 1701 1866 1766 ponit
1906 1715 2084 1750 eorum
2128 1699 2408 1759 hominum,
2462 1698 2553 1763 qui

1483 1777 1719 1832 Judaicis
1741 1784 1833 1828 aut
1856 1776 2098 1827 Asiaticis
2136 1781 2192 1826 et
2223 1774 2550 1841 AEgyptiacip

1481 1855 1666 1905 ritibus
1689 1856 1869 1904 Romae
1893 1857 2198 1912 uterentur;
2227 1850 2452 1902 Judaica
2469 1865 2552 1900 re-

1485 1933 1611 1998 ligio
1664 1934 1844 1982 Romae
1900 1930 2176 1995 peregrina
2225 1928 2554 1991 censebatur,

1484 2009 1604 2059 solis
1632 2008 1831 2060 Judaeis
1862 2008 2042 2058 urbem
2074 2005 2413 2056 incolentibus
2437 2018 2557 2069 per-

1484 2087 1659 2137 missa.
1725 2085 1937 2135 Herodis
1968 2084 2086 2146 dies,
2126 2088 2247 2132 sunt
2282 2080 2393 2141 dies
2426 2095 2553 2146 quos

1486 2162 1618 2212 colit
1631 2161 1853 2226 populus
1885 2160 1974 2226 qui
1997 2159 2197 2210 Herodi
2219 2158 2428 2222 paruit:
2462 2152 2557 2208 Ju-

1487 2237 1590 2288 daei
1623 2251 1827 2301 nempe.
1891 2232 1996 2285 Sed
2040 2240 2259 2298 praestat
2302 2234 2555 2296 interpre-

1488 2316 1590 2366 tari
1634 2315 1700 2365 de
1756 2313 1966 2379 propria
2004 2311 2209 2361 illorum
2253 2307 2555 2363 Judaeornm

1488 2399 1655 2455 secta,
1675 2391 1764 2457 qui
1797 2391 1863 2440 ab
1886 2389 2100 2440 Herode
2123 2402 2326 2451 magno,
2351 2385 2555 2451 pridem

1489 2471 1602 2520 vita
1638 2466 1911 2531 defuncto,
1934 2465 2220 2516 Herodiani
2251 2469 2371 2514 sunt
2404 2462 2555 2526 dicti,

1493 2545 1584 2611 qui
1619 2545 1884 2596 Herodem
1917 2559 2011 2608 pro
2047 2542 2253 2593 Christo
2293 2540 2556 2592 colebant.

1491 2624 1615 2675 Dies
1630 2638 1758 2688 ergo
1796 2621 2027 2684 Herodis,
2068 2621 2303 2684 appellat
2331 2618 2559 2669 natalem

1492 2703 1631 2753 diem
1658 2701 1903 2766 Herodis,
1942 2717 2045 2750 non
2078 2700 2287 2765 quidem
2311 2713 2452 2748 verae
2474 2713 2559 2758 γο-

1492 2776 1680 2841 νέσεως,
1715 2778 1807 2827 sed
1843 2778 2073 2841 suscepti
2108 2775 2253 2840 reg-ni
2287 2773 2429 2837 apud
2466 2769 2561 2825 Ju-

1495 2853 1666 2904 dseos:
1722 2868 1842 2903 nam
1878 2858 1936 2903 et
1972 2853 2048 2902 illi
2087 2852 2200 2901 dies
2237 2850 2560 2901 vocabantur

1493 2931 1715 2981 natales.
1753 2929 2020 2980 Casama-
2028 2930 2283 2991 Unetaque,
2301 2925 2407 2990 εἷα]
2444 2925 2560 2974 Μο-

1496 3009 1619 3059 dnm
1638 3008 1886 3071 ostendit,
1908 3021 2009 3072 qno
2030 3006 2118 3063 ille
2153 3005 2266 3054 dies
2285 3003 2351 3054 ab
2393 3002 2563 3059 Hero-

1497 3084 1664 3133 dianis
1681 3082 1960 3134 colebatur.
2025 3081 2268 3133 Omnium
2286 3091 2419 3143 pene
2437 3089 2561 3142 gen·

1496 3160 1627 3209 tium
1660 3159 1943 3209 communis
1963 3156 2065 3208 fuit
2099 3157 2248 3220 ritus,
2285 3154 2352 3205 ad
2384 3153 2564 3219 gaudii

1495 3234 1917 3300 significationem
1949 3235 2108 3296 ι’,ςπεηι
2142 3233 2416 3282 accendere:
2462 3243 2564 3280 nec

1496 3313 1662 3362 solum
1681 3312 1736 3361 in
1754 3310 1959 3374 templis
1977 3310 2171 3360 lumina
2188 3306 2566 3370 accendebant,

1497 3388 1592 3438 sed
1634 3387 1793 3437 etiam
1816 3385 1952 3436 domi
1990 3386 2209 3451 quisque
2243 3398 2371 3445 suae,
2393 3395 2565 3447 ‚eaque

1489 3464 1667 3529 jannis
1689 3479 1751 3514 ac
1771 3461 2014 3513 fenestris
2037 3461 2417 3527 appendebant.
2469 3461 2564 3513 Ca·

1497 3540 1632 3590 mab.
1680 3539 1886 3590 Tan-neb.
1918 3551 2065 3587 xxu.
2102 3542 2186 3587 12.
2252 3538 2407 3586 Uada
2441 3549 2565 3598 ergo

1478 3615 1631 3666 .dicit
1651 3616 1720 3665 ob
1741 3617 1933 3672 oleum,
1954 3613 2093 3678 quod
2128 3627 2194 3662 ex
2224 3611 2450 3661 lucernis
2480 3624 2568 3659 ex·

1502 3694 1714 3745 udabat.
1761 3693 1937 3742 Lubin.

1575 3774 1664 3819 181
1698 3766 1981 3831 Dispoeitoe]
2030 3765 2096 3815 In
2128 3763 2357 3814 fenestra
2384 3762 2567 3815 ordine

1502 3845 1709 3911 positae,
1747 3850 1803 3894 et
1831 3840 2432 3903 ordinata-Pinguem]
2470 3841 2571 3890 Lu-

1502 3935 1619 3973 cem
1639 3927 1758 3971 cum
1780 3920 1961 3984 pingui
1979 3918 2168 3969 nebula
2185 3924 2274 3968 aut
2290 3916 2432 3967 fumo
2446 3916 2571 3969 emi·

1502 3995 2006 4058 serint—Vomaere]
2044 3995 2171 4058 Pro,
2191 3995 2441 4046 Emisere.

1572 4079 1667 4125 182
1700 4075 1972 4134 Portantes,
2027 4071 2132 4135 ξω]
2195 4071 2374 4121 Graeci
2412 4069 2572 4133 scrip·

1506 4156 1650 4202 tores
1665 4149 2046 4201 celebrationes
2081 4149 2185 4199 diei
2218 4146 2345 4198 festi
2372 4147 2570 4197 duabus

1507 4227 1725 4278 vocibus
1768 4226 2038 4290 designare
2082 4226 2269 4287 solent,
2311 4222 2434 4287 «puel
2493 4221 2575 4272 καὶ

1511 4304 1864 4372 στεφανόμσισι,
1872 4301 2149 4359 luminibus
2165 4308 2225 4353 et
2241 4314 2572 4428 οῡιοιιέωω-

1424 4389 1565 4440 Pers.
2607 4396 2621 4407 ·
2691 4380 2700 4389 '
