3084 4934
503 399 641 470 236

1201 415 1417 467 No'l'AE
1465 417 1874 468 VARIORUM
1917 420 2000 468 {N

509 576 640 626 opus
659 560 1023 626 sit.--P‹1tella]
1071 564 1203 613 E'rat
1237 564 1433 628 patella
1469 579 1573 630 vas,
1640 565 1918 629 junctiva?
1950 567 2097 617 Eone
2117 555 2215 615 tibi
2241 565 2435 629 places,
2462 553 2600 629 quod
2633 578 2712 613 or-

508 640 560 689 iu
585 655 686 705 qna
719 641 1010 691 delibandae
1037 643 1200 707 dapes
1229 642 1348 692 Diis
1371 642 1574 692 domes-

508 715 627 766 ticis
649 715 1016 768 offerebantur.
1073 720 1192 769 Hoc
1213 719 1328 770 loco
1351 735 1445 783 pro
1466 735 1574 769 me-

507 793 770 844 diocribus
811 798 1005 846 divitiis
1064 797 1294 860 ponitur,
1335 812 1429 861 per
1467 812 1573 847 nie-

509 878 616 922 ton.
649 871 871 923 effectus
913 890 1006 938 pro
1047 889 1220 934 cansa,
1244 875 1379 940 qnod
1420 874 1576 923 homi-

506 964 599 999 nes
637 965 845 1001 securos
886 950 1369 1014 reddam—Patella]
1417 951 1574 1000 Vide·

509 1035 597 1075 tur
617 1028 737 1090 poni
763 1043 857 1091 pro
881 1030 1011 1079 cibis
1053 1029 1105 1078 in
1138 1030 1334 1094 patella
1369 1030 1575 1092 apposi-

507 1104 595 1171 tis,
619 1106 707 1171 qni
731 1107 796 1155 ad
819 1109 1007 1157 victum
1031 1107 1306 1159 sufficiant.
1346 1108 1522 1159 Lubin.

572 1188 636 1233 27
673 1183 782 1233 Hoc
803 1184 951 1246 sutis]
982 1186 1142 1238 Quasi
1170 1186 1344 1235 dicat:
1381 1186 1574 1236 Nonne

508 1260 575 1311 ad
618 1261 753 1312 bene
808 1262 1060 1328 beateque
1103 1261 1379 1312 vivendum
1423 1264 1575 1327 plura

508 1339 874 1405 requiruntur?
929 1341 1020 1401 Ut,
1064 1341 1337 1391 dummodo
1387 1349 1576 1391 venter

504 1418 698 1469 habeat
734 1420 872 1469 unde
909 1420 1130 1482 victitet,
1174 1420 1330 1469 animi
1377 1421 1572 1469 nullam

510 1496 716 1545 omnino
748 1497 1311 1547 rationem-habendam
1336 1506 1575 1561 putes·—

507 1571 590 1622 An
625 1574 810 1637 deceat]
843 1574 927 1624 An
963 1582 1017 1624 te
1049 1574 1338 1637 superbire,
1377 1574 1573 1623 animos

508 1650 766 1710 attollere,
796 1659 852 1700 et
888 1651 1254 1715 intumescere,
1275 1658 1332 1701 et
1364 1650 1571 1714 sapien-

506 1725 631 1775 tiam
648 1728 915 1792 negligere
939 1734 1227 1791 oporteret,
1250 1727 1293 1775 si
1321 1727 1405 1776 vel
1432 1740 1571 1777 esses

505 1801 889 1852 nobilissimus?
921 1805 1082 1856 Quasi
1120 1804 1287 1853 dicat:
1335 1803 1571 1853 Minime.

505 1878 679 1929 Multo
700 1881 868 1930 minus
889 1894 1009 1930 cum
1024 1881 1251 1931 modicas
1276 1885 1478 1930 tantum
1496 1880 1574 1930 di-

505 1955 660 2005 vitias
696 1957 1271 2022 habeam-Palmum,
1314 1960 1423 2023 ξι]
1478 1960 1587 2009 Su-.

505 2033 735 2097 perbire.
804 2038 1041 2088 Fastuosi
1085 2038 1221 2088 enim
1261 2039 1336 2087 ita
1375 2044 1573 2101 turges-

507 2119 651 2177 cunt,
671 2120 731 2163 ut
764 2130 897 2178 pene
921 2125 1265 2181 rumpantur„
1302 2116 1572 2166 Turnebus

507 2199 682 2244 xxm.
704 2195 786 2242 23.
827 2193 1001 2244 Ventos
1023 2195 1250 2259 appellat
1273 2193 1572 2257 spiritus?—

508 2264 766 2332 Rumpere,
786 2269 899 2333 ξω]
920 2271 1025 2320 Hic
1048 2277 1149 2333 est,
1168 2272 1390 2336 implere
1413 2286 1573 2335 supra

505 2342 733 2408 modum,
754 2348 927 2411 φυσᾷν.
998 2347 1203 2397 Casoeub.

571 2423 637 2468 28
682 2421 957 2487 Sternere,
993 2426 1099 2491 mn]
1142 2424 1233 2475 An
1264 2432 1479 2490 oportet
1514 2432 1572 2476 te

508 2501 806 2563 arrogantia
827 2500 1060 2551 inflatum
1084 2502 1328 2566 dissilire,
1352 2504 1487 2567 quod
1517 2504 1572 2553 in

508 2573 684 2640 aliquo
706 2578 871 2626 nobili
891 2580 1059 2628 Tusco
1087 2586 1378 2642 stemmate,
1413 2580 1575 2629 mille-

507 2650 665 2701 simus
686 2664 719 2702 e
738 2667 924 2717 magno
949 2660 1164 2705 auctore
1188 2656 1494 2719 numereris,
1518 2662 1576 2705 et

507 2741 706 2778 ramum
733 2731 956 2796 aliquem
989 2746 1051 2781 ac
1083 2733 1274 2782 lineam
1295 2732 1578 2782 successio·

506 2804 587 2855 nis
610 2819 641 2855 a
664 2808 986 2873 genealogo
972 2825 1025 2858 m
1043 2818 1316 2859 stemmate
1338 2823 1575 2860 numera-

507 2891 592 2934 tus
614 2885 881 2936 obtineas?
912 2887 1013 2951 vel,
1035 2888 1088 2936 in
1124 2887 1357 2952 equitum
1389 2888 1575 2937 Roma-

505 2976 689 3012 norum
726 2963 1078 3027 recognitione
1120 2963 1417 3013 trabeatum
1455 2977 1576 3012 cen-

506 3051 677 3089 sorem
696 3038 844 3090 donis
868 3041 1174 3091 militaribus
1203 3040 1417 3104 insignis
1439 3042 1577 3091 saln-

508 3118 621 3167 tas?
660 3119 901 3183 Cognitio
938 3121 1076 3170 enim
1120 3120 1351 3184 equitum
1386 3121 1575 3169 Roma

504 3209 686 3246 norum
711 3198 1027 3248 censoribus
1046 3203 1163 3248 erat
1185 3197 1438 3262 subjecta,
1454 3212 1573 3262 quae

506 3289 644 3325 nunc
666 3276 952 3348 §ouantium
973 3282 1055 3326 est
1076 3276 1251 3327 officii.
1324 3275 1432 3327 Vct.
1459 3276 1573 3327 Sero.

505 3352 858 3416 -Stenumtd
891 3353 1011 3403 Hoc
1048 3354 1162 3403 loco
1202 3366 1299 3417 pro
1334 3354 1573 3417 genealo-

507 3430 614 3495 gia,
649 3431 736 3481 vel
771 3431 1243 3495 consanguinitate,
1279 3430 1415 3481 unde
1436 3432 1571 3482 Ger-

504 3509 767 3559 manicum
806 3508 1209 3572 stam—Meo]
1247 3501 1395 3558 'licaeo
1421 3510 1571 3573 dicit,

505 3584 628 3650 qnia
665 3584 968 3635 nobilissimi
1008 3585 1359 3636 Romanorum
1402 3584 1572 3636 ferme

505 3663 575 3713 ab
591 3664 869 3714 Hetruscis
881 3661 1303 3725 orti.—Ramum]
1318 3663 1573 3727 Respexit

504 3738 573 3789 ari
595 3739 874 3791 adfinitatis
897 3741 1157 3805 arborem,
1178 3747 1235 3792 et
1253 3756 1439 3791 ramum
1472 3756 1572 3805 pro

504 3818 843 3868 successionis
880 3818 1018 3868 linea
1056 3816 1572 3883 ponit.-—Millesime]

502 3893 744 3943 vocandi
764 3909 905 3945 casu.
969 3896 1139 3945 Notat
1163 3895 1571 3960 antiquissimam

502 3962 887 4034 genealogiam,
903 3969 956 4020 in
976 3985 1078 4035 qua
1102 3986 1133 4020 a
1155 3971 1390 4035 principe
1417 3985 1573 4035 gene-

505 4045 581 4096 ris
614 4048 917 4099 millesimus
943 4048 1281 4113 sis—Daca]
1315 4049 1573 4100 Obtineas

504 4122 830 4175 millesimum
870 4125 1105 4191 gradum,
1126 4127 1193 4176 ab
1230 4125 1431 4191 origine
1454 4127 1573 4175 stir-

507 4201 609 4274 pis.
675 4201 813 4252 Vide
831 4202 1074 4255 Juvenal.
1099 4217 1224 4264 vm.
1249 4207 1297 4253 1.
1363 4202 1539 4254 Lubin.

569 4282 641 4332 29
672 4279 1000 4343 cmm-eme]
1043 4279 1406 4344 Scribendum‚
1449 4282 1573 4331 Cen-

505 4367 717 4407 mem
733 4360 883 4408 mn.
950 4357 1070 4410 Quo
1089 4356 1227 4409 enim
1256 4356 1452 4423 duplex
1470 4356 1572 4407 dis-

1649 652 1733 694 tus
1769 660 1825 694 es
1865 657 2056 709 genere
2100 643 2364 709 equestri?
2414 642 2618 707 equites
2659 641 2712 691 in

1611 782 1620 793 Ι
1649 724 2035 773 transvectione
2055 721 2574 779 trabeati,censorem
2592 734 2716 782 prae-

1649 800 1880 852 teribant
1924 815 1984 849 ac
2036 799 2348 849 salutabant.
2432 799 2713 846 Casuum.—

1652 876 1899 929 Censorem
1936 879 2092 942 tuum]
2160 878 2238 927 Ex
2283 885 2374 926 tna
2422 874 2618 924 familia
2660 880 2715 928 et

1648 955 1845 1020 origine
1868 964 2124 1005 exortum.
2191 954 2351 1005 Quasi
2381 952 2555 1001 dicat:
2595 951 2715 1001 Non

1649 1030 1717 1080 ob
1741 1033 1793 1081 id
1820 1032 2110 1097 superbire,
2144 1038 2202 1082 et
2237 1034 2475 1080 honestas
2509 1031 2713 1080 litteras

1650 1109 1809 1159 debes
1855 1117 2208 1173 contemnere,
2246 1110 2383 1174 quod
2424 1109 2476 1156 in
2519 1106 2717 1156 familia

1651 1194 1741 1236 tna
1762 1186 1959 1236 nobiles
1995 1187 2210 1247 habeas,
2246 1188 2357 1250 ipse
2393 1191 2452 1233 tu
2493 1182 2721 1232 nobilis?

1647 1261 1972 1326 —Ti-nbeate]
2012 1262 2075 1313 In
2117 1263 2248 1312 atrio
2289 1262 2428 1311 inter
2468 1259 2718 1324 imagines

1647 1339 1914 1403 majorum.
1982 1342 2101 1403 Vel,
2120 1341 2174 1389 in
2198 1339 2554 1404 recognitione
2579 1336 2720 1402 equi·

1649 1422 1777 1478 tum,
1802 1423 1859 1466 tu
1881 1431 2042 1482 eques
2062 1418 2343 1467 trabeatus.
2391 1416 2529 1465 Vide
2554 1415 2716 1466 Juve-

1647 1494 1753 1542 nal.
1786 1507 1907 1543 vm.
1939 1497 2053 1544 259.
2089 1493 2297 1545 Farnab.
2367 1495 2500 1542 Erat
2531 1491 2720 1554 trabea,

1648 1582 1893 1633 purpuras
1914 1570 2135 1634 species,
2154 1578 2209 1621 et
2228 1569 2474 1620 nobilium
2493 1576 2720 1629 tantum,

1648 1654 1704 1698 et
1761 1662 1864 1712 qna
1904 1663 2053 1713 reges
2094 1650 2216 1698 olim
2266 1642 2719 1708 nsi.-Trabeute]

1649 1722 1888 1775 vocandi
1918 1740 2013 1790 pro
2050 1725 2351 1776 nominandi
2387 1723 2719 1775 casn.Labin.

1713 1806 1778 1852 30
1814 1804 2066 1868 phaleras]
2099 1805 2327 1855 Externa
2364 1804 2455 1851 illa
2481 1800 2720 1865 corporis

1627 1877 1705 1930 et
1744 1880 1967 1932 fortunae
2012 1889 2336 1945 ornamenta,
2377 1897 2493 1946 quae
2531 1879 2720 1944 vulgus

1647 1958 1784 2009 forte
1835 1962 2010 2025 magni
2065 1960 2307 2023 aestimat,
2359 1959 2424 2008 ad
2460 1957 2721 2021 populum

1649 2051 1844 2100 usurpa
1878 2044 1934 2087 et
1972 2039 2166 2103 populo
2205 2046 2294 2088 tua
2331 2039 2420 2087 illa
2448 2038 2587 2088 bona
2606 2038 2722 2102 jac·

1649 2120 1780 2165 tato.
1846 2117 1960 2181 Ego
1998 2117 2087 2166 ina
2125 2131 2228 2166 non
2264 2131 2456 2177 moror,
2482 2130 2599 2164 cum
2641 2115 2721 2163 in-

1649 2200 1799 2242 terna
1837 2193 1992 2241 animi
2034 2193 2170 2246 bona
2200 2193 2422 2255 intuear,
2443 2206 2559 2257 qnae
2585 2191 2638 2240 in
2663 2197 2719 2239 te

1648 2285 1752 2321 non
1788 2270 2141 2335 deprehendo.
2221 2270 2354 2320 Sunt
2404 2271 2543 2318 enim
2584 2268 2719 2318 Pha-

1647 2349 1760 2398 lerae
1799 2363 2048 2414 equorum
2094 2352 2414 2397 ornamenta.
2484 2344 2722 2395 Lubinus.

1648 2426 1815 2475 Fuere
1836 2432 1892 2475 et
1907 2425 2047 2475 inter
2059 2430 2361 2474 ornamenta
2375 2422 2596 2471 virorum
2614 2420 2721 2470 for-

1649 2502 1777 2552 tium
1796 2502 2042 2552 Pkaleroe:
2065 2508 2119 2553 et
2139 2502 2252 2551 haec
2267 2500 2524 2566 quierant
2538 2513 2719 2548 conse·

1649 2579 1776 2643 cuti,
1786 2593 1903 2629 cum
1921 2579 2227 2629 insolentius
2242 2593 2297 2629 se
2304 2579 2589 2642 jactarent,
2599 2590 2723 2642 pro·

1645 2657 1866 2707 verbiali
1916 2657 2168 2707 locutioni
2228 2658 2397 2706 locum
2435 2654 2718 2705 fecerunt:

1648 2748 1749 2799 qna
1770 2748 1853 2783 res
1876 2734 2051 2787 nunes
2084 2740 2140 2782 et
2173 2731 2418 2782 fastuosae
2451 2730 2721 2795 appellan-

1649 2818 1737 2861 tur
1776 2811 2014 2862 Phaleroe.
2083 2810 2571 2871 Caecubum—Ergo,
2607 2807 2720 2872 ξω]

1648 2888 1824 2939 Animi
1858 2888 1936 2937 tui
1967 2901 2135 2937 mores
2175 2887 2315 2937 omni
2350 2886 2476 2936 vitio
2515 2894 2572 2934 et
2607 2898 2720 2936 sce-

1647 2969 1756 3017 lere
1811 2966 2125 3031 inquinatos,
2174 2968 2480 3028 perspectos
2524 2959 2716 3012 babeo.

1648 3046 1785 3096 vide
1809 3045 2052 3109 proverb.
2075 3043 2214 3108 apud
2238 3044 2435 3092 Erasm.
2468 3040 2656 3090 Lubias..

1714 3126 1777 3173 31
1815 3124 1942 3186 Non,
1963 3121 2071 3188 ξω]
2099 3122 2174 3171 Te
2207 3120 2428 3182 scilicet,
2451 3119 2537 3183 qui
2568 3118 2719 3168 nobi-

1646 3200 1867 3250 lissimus
1904 3199 2070 3250 videri
2114 3199 2206 3248 vis.
2209 3199 2356 3247 -Ad
2392 3196 2593 3260 morem]
2651 3195 2719 3245 Id

1648 3282 1749 3339 est,
1776 3290 1947 3325 mores
1984 3273 2343 3339 ignobilissimi
2385 3272 2568 3322 Nattae.
2604 3271 2719 3321 imi

1648 3356 1766 3420 tari,
1788 3352 2059 3403 ἀκολάστου
2091 3353 2198 3402 sive
2237 3350 2720 3414 intemperantis.—

1653 3429 1917 3493 Discineti]
1968 3428 2204 3492 Metapb.
2243 3442 2274 3477 a
2317 3435 2467 3477 veste
2504 3425 2720 3476 dimissa

1648 3514 1704 3558 et
1740 3509 1879 3558 laxa.
1945 3508 2042 3557 Est
2078 3505 2213 3555 enim
2244 3504 2545 3567 discinctus,
2585 3503 2716 3552 luxu

1648 3581 2201 3646 dissolutus—Natta]
2265 3581 2373 3632 Alii
2414 3581 2583 3645 Noecoe,
2626 3580 2716 3629 alii

1648 3665 1843 3727 Nstecae,
1863 3662 1950 3723 alii
1975 3663 2162 3714 Nattae.
2215 3660 2336 3710 Fuit
2360 3657 2569 3724 quidam
2612 3657 2717 3706 Ro·

1647 3756 1745 3791 mae
1779 3740 2025 3805 prodigus
2066 3745 2123 3788 et
2154 3737 2461 3798 dissolutus3
2500 3733 2716 3799 proprie

1649 3821 1723 3871 sic
1745 3820 2020 3877 vocabant,
2043 3818 2133 3883 qui
2154 3816 2389 3867 sordidas
2406 3821 2548 3864 artes
2571 3827 2722 3863 exer-

1649 3899 1859 3961 cebant,
1894 3904 1953 3947 ut
1988 3895 2223 3960 fullones,
2259 3898 2361 3945 dte.
2440 3890 2716 3943 Turnebus

1648 3988 1858 4027 xxxm.
1879 3978 1963 4025 28.

1710 4057 1776 4103 32
1808 4051 1923 4115 Sea,
1953 4048 2060 4114 ξω]
2107 4047 2375 4111 Sordidus,
2424 4046 2614 4113 inquit,
2656 4052 2714 4097 ct

1646 4144 1869 4195 nequam
1885 4126 2018 4178 fullo
2043 4127 2229 4188 Natta,
2253 4124 2340 4189 qni
2356 4138 2459 4173 non
2480 4129 2564 4174 est
2586 4137 2717 4172 nau·

1647 4208 1715 4271 ci,
1736 4204 2030 4272 ignorantia
2059 4209 2116 4253 et
2153 4200 2357 4253 inscitia
2394 4205 2617 4264 peccatt
2652 4205 2716 4260 tu

1646 4285 1874 4351 prudens
1906 4283 2176 4347 sciensque
2208 4279 2455 4329 virtutem
2494 4275 2715 4334 deseris.

1644 4361 1938 4431 v-Stupm]
1967 4359 2287 4423 Ἀναισοητεῖν
2303 4354 2581 4425 significat,
2598 4368 2718 4408 sen·
