3084 4934
491 422 583 492 52

493 581 661 647 Sese
690 582 979 666 aliquem
1007 581 1305 661 credens»,
1337 581 1512 647 Italo
1540 582 1998 668 quodhonore
2024 580 2310 667 supinus

498 683 799 768 Fregerit
825 683 1129 748 heminas
1156 680 1347 749 Areti
1376 683 1595 749 aedilis
1622 685 1920 768 iniquas3

1255 437 1329 488 A.
1377 438 1417 489 Ρ
1430 436 1635 489 ssRsu
1679 436 1951 487 PLAcm

2525 685 2713 770 430

486 786 641 852 Nec
672 789 790 873 qui
820 789 1038 853 abaco
1067 807 1402 867 numerOS,
1432 796 1501 854 et
1529 793 1715 854 secto
1741 789 1814 853 in
1842 789 2121 872 pulvere
2150 793 2388 868 metae,

482 996 648 1057 cocles,
682 994 885 1061 seipsum
927 997 1173 1046 ‹estimam
1192 996 1398 1061 aliquem
1409 1014 1427 1056 ‚-
1457 998 1571 1062 qaia
1594 999 1899 1050 AEdilitatem
1931 1014 2104 1062 gerens
2139 999 2321 1063 Aretii,
2352 997 2624 1064 superbiens
2651 998 2711 1047 ob

485 1061 839 1123 Mag-istratum
875 1061 928 1111 in
962 1061 1130 1123 Italia,
1165 1065 1349 1125 ruperit
1387 1064 1613 1114 dimidios
1631 1066 1870 1115 sextarios
1900 1081 1997 1114 aon
2020 1066 2171 1127 justa?
2203 1065 2563 1128 magnitudinis.
2630 1064 2712 1113 Ne

483 1126 629 1176 etiam
650 1126 793 1191 legat
814 1140 917 1192 me,
954 1128 1036 1191 qui
1070 1132 1256 1177 astutia
1292 1128 1425 1179 novit
1458 1130 1675 1179 deridere
1706 1135 1845 1180 notas
1864 1130 2123 1181 numerales
2145 1130 2604 1181 Arithmeticorum
2625 1144 2708 1178 sn·

1416 1283 1593 1303 OOOOOO

1597 1284 1771 1303 “N“

483 1407 582 1458 pro
603 1392 1009 1444 sordidum—129
1040 1390 1191 1458 Seque
1213 1394 1434 1444 C.—-131
1472 1394 1614 1445 Secta
1630 1397 1822 1460 pulver-e
1856 1396 1919 1446 C.

1477 1518 1693 1586 NoTAE

482 1631 718 1682 nonnulli
751 1630 932 1682 Romae
972 1630 1310 1697 affectabant,
1345 1639 1404 1682 ut
1437 1632 1562 1683 inde

482 1708 796 1776 praeferrent
816 1710 1045 1761 militare
1069 1711 1257 1760 robur:
1302 1712 1440 1778 quod
1464 1711 1560 1762 ite-

480 1800 594 1835 rum
615 1786 828 1839 Persius
851 1793 1028 1837 noster
1047 1787 1258 1838 damnat
1278 1789 1437 1839 Satir.
1460 1801 1554 1839 ιιι.

481 1862 572 1913 ubi
610 1869 769 1914 vocat
797 1877 883 1913 eos
915 1863 1163 1914 hirtosam
1186 1872 1395 1929 gentem
1420 1867 1556 1916 Cen-

480 1932 756 1993 tu'rionum.
839 1942 960 2006 Vel,
996 1941 1040 1993 si
1090 1945 1270 2003 mavis,
1319 1944 1553 2008 intellige

480 2018 649 2084 plebis
669 2018 1031 2083 ignorantiam,
1050 2035 1204 2084 quam
1219 2019 1303 2070 hic
1319 2027 1552 2085 opponat

479 2092 913 2158 Philosophorum
963 2093 1216 2146 doctrinae
1272 2094 1329 2146 et
1382 2096 1554 2146 erudi-

480 2172 632 2237 tioni,
675 2187 792 2237 quae
831 2171 1090 2236 imperitis
1128 2171 1352 2223 ludibrio
1391 2172 1550 2224 habe-

481 2254 586 2300 tur.

519 2327 618 2375 432
640 2327 764 2376 lusco
784 2327 869 2390 qui
885 2327 1055 2393 poscit,
1073 2327 1180 2392 ξω]
1245 2327 1431 2394 Apage
1453 2330 1551 2379 eti·

481 2418 563 2453 am
586 2403 928 2454 cachinnones
948 2405 1064 2454 illos
1084 2404 1280 2470 fatuos,
1300 2408 1388 2472 qui
1406 2416 1553 2457 natu-

478 2479 609 2529 ralia
650 2479 780 2530 vitia
823 2481 1169 2546 exprobrant,
1213 2497 1331 2548 quae
1374 2491 1548 2534 tamen

477 2557 669 2608 nemini
691 2558 889 2622 probro
922 2573 1035 2610 esse
1068 2559 1282 2611 debent.
1351 2561 1550 2611 Luscus

477 2648 638 2700 porro
682 2635 942 2700 significat
991 2653 1108 2688 eum
1154 2638 1242 2687 cni
1287 2638 1551 2689 imbecilla

397 2731 401 2734 ’
477 2719 561 2765 est
592 2714 857 2765 oculorum
899 2715 1070 2765 acies:
1107 2716 1318 2780 ponitur
1357 2722 1417 2765 et'
1449 2724 1547 2779 pro'

478 2793 690 2855 coclite,
732 2807 797 2842 eo
853 2808 1043 2857 nempe
1098 2794 1186 2858 qui
1241 2794 1408 2843 altero
1464 2800 1549 2843 est

475 2869 626 2919 oculo
649 2876 855 2934 captus.
918 2870 1026 2919 Alii
1047 2871 1246 2934 legunt,
1266 2870 1430 2932 possit.

542 2950 639 2996 129
671 2947 786 2997 Sese
822 2947 1026 3010 aliquem
1068 2947 1282 3010 credens]
1347 2946 1542 3013 Aliquo

472 3028 639 3073 semet
658 3024 855 3073 honore
876 3024 1085 3088 dignum
1110 3024 1391 3074 aestimans.
1435 3026 1541 3093 ,Le-7

472 3100 604 3166 gunt
642 3102 751 3165 alii,
789 3117 888 3151 sese
926 3102 1107 3165 aliquid
1146 3103 1363 3151 credens.-
1398 3101 1539 3166 quod

471 3178 689 3244 perinde
712 3181 924 3243 elegans
943 3187 1042 3242 est,
1065 3184 1119 3228 et
1142 3179 1279 3229 idem
1305 3184 1473 3229 sonat.

538 3257 664 3306 Italo
685 3258 809 3320 quod
829 3256 1024 3319 honore]
1091 3258 1169 3306 Eo
1211 3256 1350 3321 quod
1392 3255 1548 3308 func-²

471 3339 557 3383 tus
595 3332 755 3383 fuerit
793 3334 968 3397 aliquo
992 3333 1305 3398 Magistratu
1341 3334 1537 3394 infimo,

469 3410 710 3460 nimirum
735 3409 982 3474 AEdilatu,
1021 3411 1074 3458 in
1113 3410 1337 3476 quodam
1361 3424 1391 3459 e
1426 3424 1537 3460 mua·

467 3486 675 3550 nicipiis
699 3488 886 3536 ltaliae.

531 3562 763 3627 Supinas]
847 3563 1104 3627 Superbia
1149 3563 1315 3613 elatus
1357 3570 1414 3613 et
1455 3564 1535 3613 sui

465 3637 636 3689 factus
680 3640 947 3692 immemor
984 3640 1055 3689 ob·
1088 3642 1332 3690 honorem
1369 3641 1534 3691 illum.

465 3714 677 3780 &minas
699 3717 911 3780 proprie
945 3717 988 3766 is
1020 3716 1228 3781 dicitur,
1266 3718 1357 3782 qui
1380 3718 1539 3768 dorso

466 3793 772 3843 incumbens
839 3795 1026 3843 coelum
1081 3783 1288 3859 aspicit.
1379 3795 1534 3846 Unde

464 3870 698 3919 nonnulli
730 3870 1163 3936 interpretantur,
1186 3873 1371 3935 otiose,
1409 3875 1541 3922 mol-¹

1709 1632 1965 1698 Homines]
2046 1633 2257 1685 Hemina
2310 1640 2393 1685 est
2448 1649 2700 1686 mensurae

1638 1724 1799 1774 genus
1844 1710 2112 1761 dimidium
2158 1712 2372 1763 'sextarii
2414 1712 2703 1764 continens.

1637 1787 1865 1838 Ponitur
1903 1788 1986 1839 hic
2029 1804 2126 1853 pro
2171 1789 2407 1854 qualibet
2442 1804 2702 1840 mensura.

1634 1863 1774 1914 Plin.
1831 1865 1867 1914 1.
1912 1879 2031 1916 xxt.
2080 1881 2194 1931 cap.
2242 1868 2439 1932 ultimo,
2481 1867 2700 1918 heminae

1633 1941 1951 1992 mentionem
1971 1939 2118 1993 facit.
2178 2000 2184 2007 ,

1694 2018 1861 2081 Arete]
1904 2020 2144 2078 aretiam,
2169 2033 2307 2070 nunc
2323 2009 2524 2083 Arezzo,
2547 2021 2702 2069 Etru-

1630 2094 1720 2145 riae
1738 2094 1991 2160 oppidum
2016 2097 2151 2147 vasis
2168 2096 2419 2148 fictilibus
2441 2097 2700 2161 quondam

1632 2171 1860 2223 celebre.
1946 2174 2179 2225 Martial.
2235 2175 2390 2239 Epig.
2447 2187 2564 2224 xus.
2615 2178 2699 2224 98.

1630 2250 1646 2278 ‘
1664 2249 1886 2300 Aretina
1923 2251 2076 2301 nimis
2109 2266 2176 2300 ne
2210 2264 2425 2315 spernas
2447 2267 2574 2318 vasa
2595 2267 2702 2302 mo-

1607 2342 1832 2401 ·nemus,
1869 2330 2065 2379 Lautus
2102 2326 2221 2379 erat
2256 2329 2437 2379 Tuscis
2459 2329 2701 2379 Porsena

1629 2407 1913 2459 fictilibus!
1974 2408 2111 2458 Sunt
2153 2408 2243 2473 qui
2280 2402 2476 2472 legant,
2514 2408 2697 2471 Erotis,

1631 2485 1770 2551 quod
1792 2480 2042 2549 oppidum
2065 2491 2145 2536 est
2164 2485 2489 2535 Sabinorum.

1695 2566 1788 2612 131
1827 2565 1930 2613 Nec
1968 2563 2051 2627 qai
2083 2562 2249 2626 abaco]
2283 2565 2434 2614 'Nec
2473 2560 2704 2627 denique

1629 2653 1746 2689 eum
1770 2636 1886 2689 volo
1915 2639 2179 2702 lectorem,
2208 2638 2297 2705 qui
2334 2638 2519 2689 doctas
2555 2644 2697 2689 artes

1630 2721 1955 2787 aspernatur,
1971 2732 2026 2767 v.
2046 2732 2098 2782 g.
2121 2716 2415 2780 descriptos
2446 2717 2500 2766 in
2532 2717 2695 2766 abaco

1627 2807 1867 2843 numeros
1924 2790 1991 2843 ab‘
2046 2791 2438 2844 Arithmelicis:
2502 2793 2695 2859 figuras

1629 2870 2049 2934 Mathematieas,
2081 2876 2137 2920 et
2160 2870 2289 2921 alias
2312 2870 2555 2920 liberales
2575 2885 2695 2920 eru-

1626 2947 1864 3014 ditaeque
1883 2948 2202 3013 disciplinas.
2245 2946 2382 2997 Vide
2403 2947 2532 2998 Coel.
2555 2947 2702 2997 Rho-

1623 3026 1728 3092 dig.
1750 3039 1850 3077 vn.
1876 3031 1957 3076 30.

1688 3104 1762 3152 Et
1788 3109 1915 3154 secto
1947 3103 1998 3152 ia
2014 3104 2212 3167 pulvere
2231 3101 2402 3165 metas]
2488 3102 2700 3152 Mathe-·

1622 3178 1800 3230 matini
1824 3181 2092 3244 pulverem
2116 3179 2254 3228 humi
2276 3179 2612 3243 spargebant5
2635 3174 2696 3229 et

1622 3258 1677 3307 in
1718 3264 1788 3308 eo'
1824 3258 2041 3320 pulvere
2083 3255 2277 3321 figuras
2323 3254 2702 3306 describebant·

1621 3335 1787 3384 radio.
1855 3334 1920 3384 In
1958 3347 2022 3384 ea
2066 3335 2412 3397 occupatione
2453 3336 2702 3385 intentus*

1620 3406 1964 3464 Archimedes
1998 3410 2167 3476 captis
2202 3412 2472 3476 Syracusis
2496 3411 2684 3462 misere

1618 3489 1824 3540 occisus
1867 3496 1949 3540 est
1994 3504 2025 3538 a
2064 3489 2302 3538 Romano
2333 3488 2513 3538 milite.
2580 3487 2684 3537 Tit.

1617 3564 1729 3615 Liv.
1754 3566 1789 3614 l.
1816 3577 1951 3616 xxv.
2017 3565 2332 3614 Plutarchus
2369 3563 2533 3614 refert
2557 3564 2687 3614 Dio-

1616 3641 1750 3706 nysii
1790 3640 2008 3704 Regiam
2054 3641 2469 3704 pulverulentam
2508 3638 2685 3703 fuisse,

1616 3717 1683 3768 ob
1708 3730 1885 3768 eorum
1906 3717 2312 3779 multitudinem,
2348 3717 2437 3782 qui
2459 3718 2682 3768 Geome-

1618 3795 1779 3844 tricas
1802 3796 1857 3844 in
1879 3796 2094 3859 pulvere
2114 3792 2306 3860 figuras
2326 3795 2681 3846 delineabant.

1681 3872 1866 3936 Metus]
1948 3872 2155 3933 Lineas,
2189 3888 2310 3938 quae
2353 3879 2476 3924 sunt
2516 3874 2683 3924 veluti

462 3946 604 4009 liter,
644 3953 700 3996 et
734 3947 963 3998 delicate
994 3950 1204 4003 vivens:
1238 3952 1332 4001 se‘d
1354 3952 1539 4001 minus
1612 3953 1769 4017 metae
1809 3953 1870 3998 et
1911 3947 2059 4012 fineS,
2113 3949 2297 4014 quibus
2352 3952 2680 4016 componitur

467 4020 683 4075 arridet.
1613 4024 1867 4090 quaelibet
1886 4025 2073 4090 figura,
2093 4042 2155 4076 ac
2177 4026 2501 4076 terminatur.
2539 4029 2677 4078 Exa-

528 4105 626 4150 130
660 4101 885 4164 Fregerit
906 4102 1139 4167 herniam]
1173 4103 1367 4153 AEdiles
1390 4118 1530 4154 men·
1612 4107 1794 4151 rantur
1824 4102 1998 4152 autem
2024 4102 2130 4152 illae
2150 4101 2329 4167 figurae
2350 4117 2411 4153 ae
2436 4103 2587 4153 lineae
2620 4103 2673 4152 in

462 4176 594 4227 airis
611 4180 959 4242 praeerant‚et
977 4179 1180 4249 iniquas
1197 4177 1528 4246 frangebant.
1609 4178 1843 4244 pulvere,
1866 4185 1924 4229 ut
1959 4178 2004 4228 si
2040 4179 2163 4244 quid
2202 4186 2403 4231 rectum
2442 4193 2549 4231 non
2571 4187 2673 4246 est,

461 4252 605 4303 Tull.
626 4267 690 4306 ιῐ.
711 4254 779 4304 de
804 4256 1045 4320 Legibus.
1066 4257 1311 4310 Juvenal.
1332 4257 1446 4310 Sat.
1470 4250 1527 4312 κ’.
1606 4255 1768 4306 ίὶῐῑίῑθ
1781 4256 2089 4321 corrigatur·

462 4332 577 4383 102.
608 4332 836 4383 Tui-neb.
860 4344 1019 4385 xxrx.
1040 4328 1124 4386 26.
1645 4364 1652 4371 ·
